day,timestamp,product,bid_price_1,bid_volume_1,bid_price_2,bid_volume_2,bid_price_3,bid_volume_3,ask_price_1,ask_volume_1,ask_price_2,ask_volume_2,ask_price_3,ask_volume_3,mid_price,profit_and_loss
-1,0,KELP,2028,1,2026.0,2.0,2025.0,29.0,2029,31,0.0,0.0,0.0,0.0,2028.5,0.0
-1,100,KELP,2025,24,0.0,0.0,0.0,0.0,2028,2,2029.0,22.0,0.0,0.0,2026.5,0.0
-1,200,KELP,2025,22,0.0,0.0,0.0,0.0,2028,20,0.0,0.0,0.0,0.0,2026.5,0.0
-1,300,KELP,2025,31,0.0,0.0,0.0,0.0,2028,2,2029.0,29.0,0.0,0.0,2026.5,0.0
-1,400,KELP,2025,27,0.0,0.0,0.0,0.0,2028,27,0.0,0.0,0.0,0.0,2026.5,0.0
-1,500,KELP,2025,30,0.0,0.0,0.0,0.0,2028,30,0.0,0.0,0.0,0.0,2026.5,0.0
-1,600,KELP,2026,5,2025.0,31.0,0.0,0.0,2028,25,0.0,0.0,0.0,0.0,2027.0,0.0
-1,700,KELP,2025,2,2024.0,23.0,0.0,0.0,2028,23,0.0,0.0,0.0,0.0,2026.5,0.0
-1,800,KELP,2024,1,2023.0,29.0,0.0,0.0,2027,30,0.0,0.0,0.0,0.0,2025.5,0.0
-1,900,KELP,2024,23,0.0,0.0,0.0,0.0,2027,23,0.0,0.0,0.0,0.0,2025.5,0.0
-1,1000,KELP,2024,26,0.0,0.0,0.0,0.0,2026,6,2027.0,26.0,0.0,0.0,2025.0,0.0
-1,1100,KELP,2025,6,2024.0,26.0,0.0,0.0,2027,2,2028.0,24.0,0.0,0.0,2026.0,0.0
-1,1200,KELP,2024,21,0.0,0.0,0.0,0.0,2026,8,2028.0,21.0,0.0,0.0,2025.0,0.0
-1,1300,KELP,2024,31,0.0,0.0,0.0,0.0,2028,31,0.0,0.0,0.0,0.0,2026.0,0.0
-1,1400,KELP,2025,3,2024.0,25.0,0.0,0.0,2028,26,0.0,0.0,0.0,0.0,2026.5,0.0
-1,1500,KELP,2024,27,0.0,0.0,0.0,0.0,2028,27,0.0,0.0,0.0,0.0,2026.0,0.0
-1,1600,KELP,2024,29,0.0,0.0,0.0,0.0,2026,4,2028.0,29.0,0.0,0.0,2025.0,0.0
-1,1700,KELP,2024,22,0.0,0.0,0.0,0.0,2026,8,2028.0,22.0,0.0,0.0,2025.0,0.0
-1,1800,KELP,2024,23,0.0,0.0,0.0,0.0,2028,23,0.0,0.0,0.0,0.0,2026.0,0.0
-1,1900,KELP,2024,29,0.0,0.0,0.0,0.0,2026,5,2027.0,29.0,0.0,0.0,2025.0,0.0
-1,2000,KELP,2024,26,0.0,0.0,0.0,0.0,2027,26,0.0,0.0,0.0,0.0,2025.5,0.0
-1,2100,KELP,2024,27,0.0,0.0,0.0,0.0,2027,2,2028.0,25.0,0.0,0.0,2025.5,0.0
-1,2200,KELP,2024,25,0.0,0.0,0.0,0.0,2026,7,2027.0,1.0,2028.0,24.0,2025.0,0.0
-1,2300,KELP,2024,32,0.0,0.0,0.0,0.0,2028,32,0.0,0.0,0.0,0.0,2026.0,0.0
-1,2400,KELP,2024,29,0.0,0.0,0.0,0.0,2025,1,2028.0,29.0,0.0,0.0,2024.5,0.0
-1,2500,KELP,2025,2,2024.0,23.0,0.0,0.0,2027,1,2028.0,22.0,0.0,0.0,2026.0,0.0
-1,2600,KELP,2025,3,2024.0,23.0,0.0,0.0,2028,23,0.0,0.0,0.0,0.0,2026.5,0.0
-1,2700,KELP,2024,26,0.0,0.0,0.0,0.0,2027,26,0.0,0.0,0.0,0.0,2025.5,0.0
-1,2800,KELP,2023,25,0.0,0.0,0.0,0.0,2027,25,0.0,0.0,0.0,0.0,2025.0,0.0
-1,2900,KELP,2023,26,0.0,0.0,0.0,0.0,2027,26,0.0,0.0,0.0,0.0,2025.0,0.0
-1,3000,KELP,2024,29,0.0,0.0,0.0,0.0,2027,26,0.0,0.0,0.0,0.0,2025.5,0.0
-1,3100,KELP,2023,26,0.0,0.0,0.0,0.0,2025,5,2026.0,26.0,0.0,0.0,2024.0,0.0
-1,3200,KELP,2023,23,0.0,0.0,0.0,0.0,2025,3,2026.0,23.0,0.0,0.0,2024.0,0.0
-1,3300,KELP,2023,32,0.0,0.0,0.0,0.0,2025,2,2026.0,32.0,0.0,0.0,2024.0,0.0
-1,3400,KELP,2023,26,0.0,0.0,0.0,0.0,2026,26,0.0,0.0,0.0,0.0,2024.5,0.0
-1,3500,KELP,2023,26,0.0,0.0,0.0,0.0,2026,26,0.0,0.0,0.0,0.0,2024.5,0.0
-1,3600,KELP,2023,21,0.0,0.0,0.0,0.0,2026,21,0.0,0.0,0.0,0.0,2024.5,0.0
-1,3700,KELP,2023,27,0.0,0.0,0.0,0.0,2026,24,0.0,0.0,0.0,0.0,2024.5,0.0
-1,3800,KELP,2023,25,0.0,0.0,0.0,0.0,2026,25,0.0,0.0,0.0,0.0,2024.5,0.0
-1,3900,KELP,2023,28,0.0,0.0,0.0,0.0,2026,26,0.0,0.0,0.0,0.0,2024.5,0.0
-1,4000,KELP,2023,32,0.0,0.0,0.0,0.0,2026,32,0.0,0.0,0.0,0.0,2024.5,0.0
-1,4100,KELP,2023,29,0.0,0.0,0.0,0.0,2027,29,0.0,0.0,0.0,0.0,2025.0,0.0
-1,4200,KELP,2023,26,0.0,0.0,0.0,0.0,2027,26,0.0,0.0,0.0,0.0,2025.0,0.0
-1,4300,KELP,2023,29,0.0,0.0,0.0,0.0,2024,5,2026.0,22.0,0.0,0.0,2023.5,0.0
-1,4400,KELP,2023,30,0.0,0.0,0.0,0.0,2026,30,0.0,0.0,0.0,0.0,2024.5,0.0
-1,4500,KELP,2023,28,0.0,0.0,0.0,0.0,2026,29,0.0,0.0,0.0,0.0,2024.5,0.0
-1,4600,KELP,2023,30,0.0,0.0,0.0,0.0,2026,30,0.0,0.0,0.0,0.0,2024.5,0.0
-1,4700,KELP,2023,25,0.0,0.0,0.0,0.0,2025,3,2026.0,32.0,0.0,0.0,2024.0,0.0
-1,4800,KELP,2023,24,0.0,0.0,0.0,0.0,2027,24,0.0,0.0,0.0,0.0,2025.0,0.0
-1,4900,KELP,2023,22,0.0,0.0,0.0,0.0,2027,22,0.0,0.0,0.0,0.0,2025.0,0.0
-1,5000,KELP,2023,30,0.0,0.0,0.0,0.0,2026,30,0.0,0.0,0.0,0.0,2024.5,0.0
-1,5100,KELP,2023,37,0.0,0.0,0.0,0.0,2026,31,0.0,0.0,0.0,0.0,2024.5,0.0
-1,5200,KELP,2023,35,0.0,0.0,0.0,0.0,2026,27,0.0,0.0,0.0,0.0,2024.5,0.0
-1,5300,KELP,2025,1,2023.0,21.0,0.0,0.0,2026,21,0.0,0.0,0.0,0.0,2025.5,0.0
-1,5400,KELP,2023,21,0.0,0.0,0.0,0.0,2025,6,2027.0,21.0,0.0,0.0,2024.0,0.0
-1,5500,KELP,2023,27,0.0,0.0,0.0,0.0,2027,27,0.0,0.0,0.0,0.0,2025.0,0.0
-1,5600,KELP,2025,2,2023.0,28.0,0.0,0.0,2027,28,0.0,0.0,0.0,0.0,2026.0,0.0
-1,5700,KELP,2024,26,0.0,0.0,0.0,0.0,2027,27,0.0,0.0,0.0,0.0,2025.5,0.0
-1,5800,KELP,2024,31,0.0,0.0,0.0,0.0,2027,31,0.0,0.0,0.0,0.0,2025.5,0.0
-1,5900,KELP,2024,35,0.0,0.0,0.0,0.0,2027,30,0.0,0.0,0.0,0.0,2025.5,0.0
-1,6000,KELP,2024,30,0.0,0.0,0.0,0.0,2027,30,0.0,0.0,0.0,0.0,2025.5,0.0
-1,6100,KELP,2024,24,0.0,0.0,0.0,0.0,2027,25,0.0,0.0,0.0,0.0,2025.5,0.0
-1,6200,KELP,2024,22,0.0,0.0,0.0,0.0,2027,22,0.0,0.0,0.0,0.0,2025.5,0.0
-1,6300,KELP,2024,30,0.0,0.0,0.0,0.0,2027,25,0.0,0.0,0.0,0.0,2025.5,0.0
-1,6400,KELP,2024,25,0.0,0.0,0.0,0.0,2027,25,0.0,0.0,0.0,0.0,2025.5,0.0
-1,6500,KELP,2024,27,0.0,0.0,0.0,0.0,2027,27,0.0,0.0,0.0,0.0,2025.5,0.0
-1,6600,KELP,2024,26,0.0,0.0,0.0,0.0,2028,26,0.0,0.0,0.0,0.0,2026.0,0.0
-1,6700,KELP,2025,7,2024.0,20.0,0.0,0.0,2028,20,0.0,0.0,0.0,0.0,2026.5,0.0
-1,6800,KELP,2024,32,0.0,0.0,0.0,0.0,2026,8,2027.0,2.0,2028.0,30.0,2025.0,0.0
-1,6900,KELP,2024,27,0.0,0.0,0.0,0.0,2026,1,2027.0,27.0,0.0,0.0,2025.0,0.0
-1,7000,KELP,2026,4,2024.0,27.0,0.0,0.0,2027,27,0.0,0.0,0.0,0.0,2026.5,0.0
-1,7100,KELP,2024,30,0.0,0.0,0.0,0.0,2027,30,0.0,0.0,0.0,0.0,2025.5,0.0
-1,7200,KELP,2024,28,0.0,0.0,0.0,0.0,2027,28,0.0,0.0,0.0,0.0,2025.5,0.0
-1,7300,KELP,2024,35,0.0,0.0,0.0,0.0,2027,31,0.0,0.0,0.0,0.0,2025.5,0.0
-1,7400,KELP,2024,22,0.0,0.0,0.0,0.0,2027,23,0.0,0.0,0.0,0.0,2025.5,0.0
-1,7500,KELP,2024,25,0.0,0.0,0.0,0.0,2027,25,0.0,0.0,0.0,0.0,2025.5,0.0
-1,7600,KELP,2024,22,0.0,0.0,0.0,0.0,2027,22,0.0,0.0,0.0,0.0,2025.5,0.0
-1,7700,KELP,2024,21,0.0,0.0,0.0,0.0,2027,22,0.0,0.0,0.0,0.0,2025.5,0.0
-1,7800,KELP,2024,23,0.0,0.0,0.0,0.0,2027,23,0.0,0.0,0.0,0.0,2025.5,0.0
-1,7900,KELP,2024,31,0.0,0.0,0.0,0.0,2027,27,0.0,0.0,0.0,0.0,2025.5,0.0
-1,8000,KELP,2024,27,0.0,0.0,0.0,0.0,2026,8,2027.0,27.0,0.0,0.0,2025.0,0.0
-1,8100,KELP,2023,23,0.0,0.0,0.0,0.0,2027,23,0.0,0.0,0.0,0.0,2025.0,0.0
-1,8200,KELP,2023,23,0.0,0.0,0.0,0.0,2025,1,2026.0,23.0,0.0,0.0,2024.0,0.0
-1,8300,KELP,2023,30,0.0,0.0,0.0,0.0,2026,30,0.0,0.0,0.0,0.0,2024.5,0.0
-1,8400,KELP,2023,28,0.0,0.0,0.0,0.0,2026,28,0.0,0.0,0.0,0.0,2024.5,0.0
-1,8500,KELP,2023,31,0.0,0.0,0.0,0.0,2026,31,0.0,0.0,0.0,0.0,2024.5,0.0
-1,8600,KELP,2023,22,0.0,0.0,0.0,0.0,2026,23,0.0,0.0,0.0,0.0,2024.5,0.0
-1,8700,KELP,2023,27,0.0,0.0,0.0,0.0,2025,4,2026.0,27.0,0.0,0.0,2024.0,0.0
-1,8800,KELP,2024,7,2023.0,25.0,0.0,0.0,2027,25,0.0,0.0,0.0,0.0,2025.5,0.0
-1,8900,KELP,2024,1,2023.0,26.0,0.0,0.0,2027,26,0.0,0.0,0.0,0.0,2025.5,0.0
-1,9000,KELP,2023,31,0.0,0.0,0.0,0.0,2027,31,0.0,0.0,0.0,0.0,2025.0,0.0
-1,9100,KELP,2023,29,0.0,0.0,0.0,0.0,2026,2,2027.0,27.0,0.0,0.0,2024.5,0.0
-1,9200,KELP,2023,27,0.0,0.0,0.0,0.0,2025,7,2026.0,27.0,0.0,0.0,2024.0,0.0
-1,9300,KELP,2023,21,0.0,0.0,0.0,0.0,2026,21,0.0,0.0,0.0,0.0,2024.5,0.0
-1,9400,KELP,2023,23,0.0,0.0,0.0,0.0,2026,23,0.0,0.0,0.0,0.0,2024.5,0.0
-1,9500,KELP,2023,35,0.0,0.0,0.0,0.0,2026,31,0.0,0.0,0.0,0.0,2024.5,0.0
-1,9600,KELP,2023,31,0.0,0.0,0.0,0.0,2026,31,0.0,0.0,0.0,0.0,2024.5,0.0
-1,9700,KELP,2023,22,0.0,0.0,0.0,0.0,2026,22,0.0,0.0,0.0,0.0,2024.5,0.0
-1,9800,KELP,2023,26,0.0,0.0,0.0,0.0,2026,26,0.0,0.0,0.0,0.0,2024.5,0.0
-1,9900,KELP,2025,4,2023.0,25.0,0.0,0.0,2026,25,0.0,0.0,0.0,0.0,2025.5,0.0
-1,10000,KELP,2023,36,0.0,0.0,0.0,0.0,2026,28,0.0,0.0,0.0,0.0,2024.5,0.0
-1,10100,KELP,2023,25,0.0,0.0,0.0,0.0,2026,25,0.0,0.0,0.0,0.0,2024.5,0.0
-1,10200,KELP,2022,28,0.0,0.0,0.0,0.0,2026,28,0.0,0.0,0.0,0.0,2024.0,0.0
-1,10300,KELP,2024,1,2022.0,35.0,0.0,0.0,2025,27,0.0,0.0,0.0,0.0,2024.5,0.0
-1,10400,KELP,2023,1,2022.0,29.0,0.0,0.0,2026,29,0.0,0.0,0.0,0.0,2024.5,0.0
-1,10500,KELP,2023,2,2022.0,29.0,0.0,0.0,2026,31,0.0,0.0,0.0,0.0,2024.5,0.0
-1,10600,KELP,2022,31,0.0,0.0,0.0,0.0,2023,4,2024.0,4.0,2025.0,31.0,2022.5,0.0
-1,10700,KELP,2022,29,0.0,0.0,0.0,0.0,2025,28,0.0,0.0,0.0,0.0,2023.5,1.84619140625
-1,10800,KELP,2022,27,0.0,0.0,0.0,0.0,2025,24,0.0,0.0,0.0,0.0,2023.5,2.1982421875
-1,10900,KELP,2022,35,0.0,0.0,0.0,0.0,2025,28,0.0,0.0,0.0,0.0,2023.5,2.09375
-1,11000,KELP,2024,7,2022.0,24.0,0.0,0.0,2025,24,0.0,0.0,0.0,0.0,2024.5,2.0830078125
-1,11100,KELP,2022,21,0.0,0.0,0.0,0.0,2025,21,0.0,0.0,0.0,0.0,2023.5,2.3173828125
-1,11200,KELP,2022,23,0.0,0.0,0.0,0.0,2025,23,0.0,0.0,0.0,0.0,2023.5,1.99609375
-1,11300,KELP,2022,25,0.0,0.0,0.0,0.0,2025,22,0.0,0.0,0.0,0.0,2023.5,2.29736328125
-1,11400,KELP,2022,26,0.0,0.0,0.0,0.0,2025,26,0.0,0.0,0.0,0.0,2023.5,2.73095703125
-1,11500,KELP,2022,26,0.0,0.0,0.0,0.0,2024,8,2025.0,26.0,0.0,0.0,2023.0,2.56494140625
-1,11600,KELP,2022,29,0.0,0.0,0.0,0.0,2026,29,0.0,0.0,0.0,0.0,2024.0,4.443359375
-1,11700,KELP,2022,23,0.0,0.0,0.0,0.0,2023,2,2026.0,23.0,0.0,0.0,2022.5,3.7001953125
-1,11800,KELP,2022,29,0.0,0.0,0.0,0.0,2024,4,2026.0,29.0,0.0,0.0,2023.0,4.72900390625
-1,11900,KELP,2023,2,2022.0,30.0,0.0,0.0,2024,3,2026.0,32.0,0.0,0.0,2023.5,4.56689453125
-1,12000,KELP,2023,20,0.0,0.0,0.0,0.0,2026,20,0.0,0.0,0.0,0.0,2024.5,5.8837890625
-1,12100,KELP,2023,27,0.0,0.0,0.0,0.0,2025,1,2026.0,27.0,0.0,0.0,2024.0,5.8330078125
-1,12200,KELP,2023,34,0.0,0.0,0.0,0.0,2026,30,0.0,0.0,0.0,0.0,2024.5,5.7802734375
-1,12300,KELP,2023,29,0.0,0.0,0.0,0.0,2026,29,0.0,0.0,0.0,0.0,2024.5,6.02734375
-1,12400,KELP,2023,30,0.0,0.0,0.0,0.0,2026,26,0.0,0.0,0.0,0.0,2024.5,6.22412109375
-1,12500,KELP,2023,19,0.0,0.0,0.0,0.0,2026,20,0.0,0.0,0.0,0.0,2024.5,5.72412109375
-1,12600,KELP,2023,22,0.0,0.0,0.0,0.0,2026,22,0.0,0.0,0.0,0.0,2024.5,5.2265625
-1,12700,KELP,2023,22,0.0,0.0,0.0,0.0,2026,22,0.0,0.0,0.0,0.0,2024.5,5.5986328125
-1,12800,KELP,2023,22,0.0,0.0,0.0,0.0,2026,22,0.0,0.0,0.0,0.0,2024.5,5.87939453125
-1,12900,KELP,2023,36,0.0,0.0,0.0,0.0,2026,29,0.0,0.0,0.0,0.0,2024.5,6.2412109375
-1,13000,KELP,2025,1,2023.0,6.0,2022.0,20.0,2026,20,0.0,0.0,0.0,0.0,2025.5,4.5771484375
-1,13100,KELP,2023,33,0.0,0.0,0.0,0.0,2026,26,0.0,0.0,0.0,0.0,2024.5,5.14501953125
-1,13200,KELP,2022,22,0.0,0.0,0.0,0.0,2025,5,2026.0,22.0,0.0,0.0,2023.5,4.85302734375
-1,13300,KELP,2023,6,2022.0,24.0,0.0,0.0,2026,24,0.0,0.0,0.0,0.0,2024.5,4.7294921875
-1,13400,KELP,2023,32,0.0,0.0,0.0,0.0,2026,32,0.0,0.0,0.0,0.0,2024.5,4.88037109375
-1,13500,KELP,2022,30,0.0,0.0,0.0,0.0,2025,8,2026.0,30.0,0.0,0.0,2023.5,4.83203125
-1,13600,KELP,2023,24,0.0,0.0,0.0,0.0,2025,3,2026.0,25.0,0.0,0.0,2024.0,5.44580078125
-1,13700,KELP,2023,25,0.0,0.0,0.0,0.0,2026,21,0.0,0.0,0.0,0.0,2024.5,5.458984375
-1,13800,KELP,2023,23,0.0,0.0,0.0,0.0,2026,22,0.0,0.0,0.0,0.0,2024.5,5.70263671875
-1,13900,KELP,2023,22,0.0,0.0,0.0,0.0,2024,6,2025.0,4.0,2026.0,22.0,2023.5,5.16845703125
-1,14000,KELP,2023,3,2022.0,29.0,0.0,0.0,2026,29,0.0,0.0,0.0,0.0,2024.5,4.43115234375
-1,14100,KELP,2023,25,0.0,0.0,0.0,0.0,2025,1,2026.0,25.0,0.0,0.0,2024.0,5.7490234375
-1,14200,KELP,2023,20,0.0,0.0,0.0,0.0,2026,21,0.0,0.0,0.0,0.0,2024.5,5.82568359375
-1,14300,KELP,2022,29,0.0,0.0,0.0,0.0,2026,29,0.0,0.0,0.0,0.0,2024.0,4.009765625
-1,14400,KELP,2023,30,0.0,0.0,0.0,0.0,2026,30,0.0,0.0,0.0,0.0,2024.5,4.9208984375
-1,14500,KELP,2023,24,0.0,0.0,0.0,0.0,2026,24,0.0,0.0,0.0,0.0,2024.5,5.0830078125
-1,14600,KELP,2022,28,0.0,0.0,0.0,0.0,2024,2,2026.0,28.0,0.0,0.0,2023.0,4.2998046875
-1,14700,KELP,2022,30,0.0,0.0,0.0,0.0,2025,30,0.0,0.0,0.0,0.0,2023.5,2.76318359375
-1,14800,KELP,2022,28,0.0,0.0,0.0,0.0,2025,28,0.0,0.0,0.0,0.0,2023.5,2.71826171875
-1,14900,KELP,2023,4,2022.0,26.0,0.0,0.0,2025,26,0.0,0.0,0.0,0.0,2024.0,2.60302734375
-1,15000,KELP,2024,8,2022.0,25.0,0.0,0.0,2025,25,0.0,0.0,0.0,0.0,2024.5,2.2763671875
-1,15100,KELP,2022,27,0.0,0.0,0.0,0.0,2025,22,0.0,0.0,0.0,0.0,2023.5,1.53857421875
-1,15200,KELP,2022,26,0.0,0.0,0.0,0.0,2025,27,0.0,0.0,0.0,0.0,2023.5,1.49658203125
-1,15300,KELP,2022,26,0.0,0.0,0.0,0.0,2024,4,2025.0,26.0,0.0,0.0,2023.0,1.35595703125
-1,15400,KELP,2022,35,0.0,0.0,0.0,0.0,2025,30,0.0,0.0,0.0,0.0,2023.5,1.11669921875
-1,15500,KELP,2022,31,0.0,0.0,0.0,0.0,2024,8,2025.0,31.0,0.0,0.0,2023.0,1.60693359375
-1,15600,KELP,2022,31,0.0,0.0,0.0,0.0,2025,26,0.0,0.0,0.0,0.0,2023.5,2.01318359375
-1,15700,KELP,2022,25,0.0,0.0,0.0,0.0,2025,25,0.0,0.0,0.0,0.0,2023.5,2.6494140625
-1,15800,KELP,2025,1,2022.0,22.0,0.0,0.0,2026,22,0.0,0.0,0.0,0.0,2025.5,4.03662109375
-1,15900,KELP,2023,31,0.0,0.0,0.0,0.0,2024,6,2025.0,2.0,2026.0,31.0,2023.5,5.953125
-1,16000,KELP,2023,29,0.0,0.0,0.0,0.0,2025,2,2026.0,29.0,0.0,0.0,2024.0,7.4140625
-1,16100,KELP,2022,21,0.0,0.0,0.0,0.0,2023,2,2026.0,21.0,0.0,0.0,2022.5,3.453125
-1,16200,KELP,2022,24,0.0,0.0,0.0,0.0,2023,1,2026.0,24.0,0.0,0.0,2022.5,4.494140625
-1,16300,KELP,2023,2,2022.0,23.0,0.0,0.0,2026,23,0.0,0.0,0.0,0.0,2024.5,4.2109375
-1,16400,KELP,2023,2,2022.0,30.0,0.0,0.0,2026,32,0.0,0.0,0.0,0.0,2024.5,6.037109375
-1,16500,KELP,2023,2,2022.0,21.0,0.0,0.0,2026,23,0.0,0.0,0.0,0.0,2024.5,6.244140625
-1,16600,KELP,2022,30,0.0,0.0,0.0,0.0,2023,1,2026.0,30.0,0.0,0.0,2022.5,5.330078125
-1,16700,KELP,2025,1,2022.0,26.0,0.0,0.0,2026,26,0.0,0.0,0.0,0.0,2025.5,7.205078125
-1,16800,KELP,2022,26,0.0,0.0,0.0,0.0,2026,26,0.0,0.0,0.0,0.0,2024.0,7.091796875
-1,16900,KELP,2023,1,2022.0,25.0,0.0,0.0,2026,26,0.0,0.0,0.0,0.0,2024.5,8.16796875
-1,17000,KELP,2023,29,0.0,0.0,0.0,0.0,2026,29,0.0,0.0,0.0,0.0,2024.5,9.263671875
-1,17100,KELP,2023,23,0.0,0.0,0.0,0.0,2026,23,0.0,0.0,0.0,0.0,2024.5,10.228515625
-1,17200,KELP,2023,24,0.0,0.0,0.0,0.0,2026,24,0.0,0.0,0.0,0.0,2024.5,11.390625
-1,17300,KELP,2023,25,0.0,0.0,0.0,0.0,2025,6,2026.0,25.0,0.0,0.0,2024.0,12.134765625
-1,17400,KELP,2024,6,2023.0,28.0,0.0,0.0,2026,28,0.0,0.0,0.0,0.0,2025.0,14.05078125
-1,17500,KELP,2023,26,0.0,0.0,0.0,0.0,2027,26,0.0,0.0,0.0,0.0,2025.0,14.369140625
-1,17600,KELP,2023,30,0.0,0.0,0.0,0.0,2026,30,0.0,0.0,0.0,0.0,2024.5,13.4375
-1,17700,KELP,2025,1,2023.0,29.0,0.0,0.0,2026,29,0.0,0.0,0.0,0.0,2025.5,12.77734375
-1,17800,KELP,2023,26,0.0,0.0,0.0,0.0,2026,2,2027.0,24.0,0.0,0.0,2024.5,14.0859375
-1,17900,KELP,2023,23,0.0,0.0,0.0,0.0,2027,23,0.0,0.0,0.0,0.0,2025.0,14.45703125
-1,18000,KELP,2023,27,0.0,0.0,0.0,0.0,2026,27,0.0,0.0,0.0,0.0,2024.5,13.72265625
-1,18100,KELP,2023,20,0.0,0.0,0.0,0.0,2027,20,0.0,0.0,0.0,0.0,2025.0,16.2265625
-1,18200,KELP,2024,21,0.0,0.0,0.0,0.0,2027,26,0.0,0.0,0.0,0.0,2025.5,18.9296875
-1,18300,KELP,2023,25,0.0,0.0,0.0,0.0,2027,25,0.0,0.0,0.0,0.0,2025.0,17.0
-1,18400,KELP,2024,25,0.0,0.0,0.0,0.0,2026,5,2027.0,25.0,0.0,0.0,2025.0,20.529296875
-1,18500,KELP,2024,29,0.0,0.0,0.0,0.0,2025,1,2027.0,29.0,0.0,0.0,2024.5,21.095703125
-1,18600,KELP,2024,20,0.0,0.0,0.0,0.0,2026,5,2027.0,20.0,0.0,0.0,2025.0,22.0546875
-1,18700,KELP,2024,22,0.0,0.0,0.0,0.0,2027,22,0.0,0.0,0.0,0.0,2025.5,22.3203125
-1,18800,KELP,2024,28,0.0,0.0,0.0,0.0,2027,28,0.0,0.0,0.0,0.0,2025.5,20.234375
-1,18900,KELP,2024,22,0.0,0.0,0.0,0.0,2027,22,0.0,0.0,0.0,0.0,2025.5,21.154296875
-1,19000,KELP,2024,18,0.0,0.0,0.0,0.0,2027,28,0.0,0.0,0.0,0.0,2025.5,21.337890625
-1,19100,KELP,2024,28,0.0,0.0,0.0,0.0,2027,28,0.0,0.0,0.0,0.0,2025.5,21.58203125
-1,19200,KELP,2024,21,0.0,0.0,0.0,0.0,2027,21,0.0,0.0,0.0,0.0,2025.5,22.154296875
-1,19300,KELP,2024,23,0.0,0.0,0.0,0.0,2027,23,0.0,0.0,0.0,0.0,2025.5,22.28515625
-1,19400,KELP,2023,26,0.0,0.0,0.0,0.0,2027,26,0.0,0.0,0.0,0.0,2025.0,17.576171875
-1,19500,KELP,2024,23,0.0,0.0,0.0,0.0,2027,23,0.0,0.0,0.0,0.0,2025.5,20.234375
-1,19600,KELP,2024,2,2023.0,27.0,0.0,0.0,2027,29,0.0,0.0,0.0,0.0,2025.5,17.625
-1,19700,KELP,2024,31,0.0,0.0,0.0,0.0,2026,7,2027.0,32.0,0.0,0.0,2025.0,18.458984375
-1,19800,KELP,2024,31,0.0,0.0,0.0,0.0,2027,31,0.0,0.0,0.0,0.0,2025.5,19.55078125
-1,19900,KELP,2024,32,0.0,0.0,0.0,0.0,2027,32,0.0,0.0,0.0,0.0,2025.5,20.72265625
-1,20000,KELP,2024,2,2023.0,27.0,0.0,0.0,2027,27,0.0,0.0,0.0,0.0,2025.5,15.685546875
-1,20100,KELP,2023,31,0.0,0.0,0.0,0.0,2025,4,2027.0,31.0,0.0,0.0,2024.0,16.171875
-1,20200,KELP,2023,29,0.0,0.0,0.0,0.0,2027,29,0.0,0.0,0.0,0.0,2025.0,15.01171875
-1,20300,KELP,2024,26,0.0,0.0,0.0,0.0,2027,27,0.0,0.0,0.0,0.0,2025.5,21.40625
-1,20400,KELP,2024,30,0.0,0.0,0.0,0.0,2025,4,2027.0,29.0,0.0,0.0,2024.5,18.87109375
-1,20500,KELP,2025,4,2024.0,7.0,2023.0,30.0,2027,32,0.0,0.0,0.0,0.0,2026.0,17.27734375
-1,20600,KELP,2023,28,0.0,0.0,0.0,0.0,2027,28,0.0,0.0,0.0,0.0,2025.0,17.017578125
-1,20700,KELP,2025,6,2023.0,22.0,0.0,0.0,2027,22,0.0,0.0,0.0,0.0,2026.0,17.349609375
-1,20800,KELP,2024,2,2023.0,22.0,0.0,0.0,2027,24,0.0,0.0,0.0,0.0,2025.5,17.458984375
-1,20900,KELP,2026,1,2023.0,23.0,0.0,0.0,2027,23,0.0,0.0,0.0,0.0,2026.5,17.86328125
-1,21000,KELP,2024,28,0.0,0.0,0.0,0.0,2027,28,0.0,0.0,0.0,0.0,2025.5,18.294921875
-1,21100,KELP,2024,2,2023.0,22.0,0.0,0.0,2027,24,0.0,0.0,0.0,0.0,2025.5,17.490234375
-1,21200,KELP,2024,22,0.0,0.0,0.0,0.0,2027,22,0.0,0.0,0.0,0.0,2025.5,18.78125
-1,21300,KELP,2024,1,2023.0,29.0,0.0,0.0,2027,30,0.0,0.0,0.0,0.0,2025.5,17.73828125
-1,21400,KELP,2024,28,0.0,0.0,0.0,0.0,2027,28,0.0,0.0,0.0,0.0,2025.5,18.673828125
-1,21500,KELP,2026,4,2024.0,21.0,0.0,0.0,2027,21,0.0,0.0,0.0,0.0,2026.5,22.265625
-1,21600,KELP,2024,27,0.0,0.0,0.0,0.0,2027,2,2028.0,25.0,0.0,0.0,2025.5,23.38671875
-1,21700,KELP,2024,31,0.0,0.0,0.0,0.0,2027,31,0.0,0.0,0.0,0.0,2025.5,22.580078125
-1,21800,KELP,2024,24,0.0,0.0,0.0,0.0,2028,24,0.0,0.0,0.0,0.0,2026.0,24.158203125
-1,21900,KELP,2024,22,0.0,0.0,0.0,0.0,2028,22,0.0,0.0,0.0,0.0,2026.0,24.53515625
-1,22000,KELP,2024,21,0.0,0.0,0.0,0.0,2028,21,0.0,0.0,0.0,0.0,2026.0,23.34375
-1,22100,KELP,2024,23,0.0,0.0,0.0,0.0,2027,24,0.0,0.0,0.0,0.0,2025.5,20.478515625
-1,22200,KELP,2024,21,0.0,0.0,0.0,0.0,2027,21,0.0,0.0,0.0,0.0,2025.5,18.7109375
-1,22300,KELP,2023,29,0.0,0.0,0.0,0.0,2026,1,2027.0,28.0,0.0,0.0,2024.5,14.158203125
-1,22400,KELP,2023,29,0.0,0.0,0.0,0.0,2026,29,0.0,0.0,0.0,0.0,2024.5,13.767578125
-1,22500,KELP,2023,31,0.0,0.0,0.0,0.0,2026,31,0.0,0.0,0.0,0.0,2024.5,11.7421875
-1,22600,KELP,2024,6,2023.0,26.0,0.0,0.0,2026,22,0.0,0.0,0.0,0.0,2025.0,11.0859375
-1,22700,KELP,2023,25,0.0,0.0,0.0,0.0,2026,26,0.0,0.0,0.0,0.0,2024.5,10.771484375
-1,22800,KELP,2023,27,0.0,0.0,0.0,0.0,2026,28,0.0,0.0,0.0,0.0,2024.5,9.013671875
-1,22900,KELP,2023,2,2022.0,30.0,0.0,0.0,2026,32,0.0,0.0,0.0,0.0,2024.5,8.55078125
-1,23000,KELP,2022,22,0.0,0.0,0.0,0.0,2026,22,0.0,0.0,0.0,0.0,2024.0,7.330078125
-1,23100,KELP,2023,23,0.0,0.0,0.0,0.0,2026,23,0.0,0.0,0.0,0.0,2024.5,9.724609375
-1,23200,KELP,2023,2,2022.0,29.0,0.0,0.0,2024,3,2026.0,31.0,0.0,0.0,2023.5,8.6953125
-1,23300,KELP,2023,30,0.0,0.0,0.0,0.0,2026,30,0.0,0.0,0.0,0.0,2024.5,10.244140625
-1,23400,KELP,2023,30,0.0,0.0,0.0,0.0,2026,30,0.0,0.0,0.0,0.0,2024.5,10.34375
-1,23500,KELP,2023,29,0.0,0.0,0.0,0.0,2025,4,2026.0,30.0,0.0,0.0,2024.0,10.263671875
-1,23600,KELP,2022,27,0.0,0.0,0.0,0.0,2026,27,0.0,0.0,0.0,0.0,2024.0,8.71484375
-1,23700,KELP,2023,2,2022.0,21.0,0.0,0.0,2025,7,2026.0,23.0,0.0,0.0,2024.0,8.8203125
-1,23800,KELP,2024,1,2022.0,30.0,0.0,0.0,2026,30,0.0,0.0,0.0,0.0,2025.0,5.90234375
-1,23900,KELP,2025,1,2023.0,1.0,2022.0,30.0,2026,30,0.0,0.0,0.0,0.0,2025.5,7.953125
-1,24000,KELP,2022,29,0.0,0.0,0.0,0.0,2026,29,0.0,0.0,0.0,0.0,2024.0,7.900390625
-1,24100,KELP,2023,1,2022.0,25.0,0.0,0.0,2025,3,2026.0,26.0,0.0,0.0,2024.0,8.884765625
-1,24200,KELP,2023,30,0.0,0.0,0.0,0.0,2026,30,0.0,0.0,0.0,0.0,2024.5,10.232421875
-1,24300,KELP,2023,26,0.0,0.0,0.0,0.0,2026,26,0.0,0.0,0.0,0.0,2024.5,10.4453125
-1,24400,KELP,2025,1,2023.0,22.0,0.0,0.0,2026,22,0.0,0.0,0.0,0.0,2025.5,9.32421875
-1,24500,KELP,2022,26,0.0,0.0,0.0,0.0,2026,26,0.0,0.0,0.0,0.0,2024.0,7.189453125
-1,24600,KELP,2022,24,0.0,0.0,0.0,0.0,2024,2,2026.0,24.0,0.0,0.0,2023.0,8.638671875
-1,24700,KELP,2023,25,0.0,0.0,0.0,0.0,2026,25,0.0,0.0,0.0,0.0,2024.5,9.849609375
-1,24800,KELP,2022,23,0.0,0.0,0.0,0.0,2026,23,0.0,0.0,0.0,0.0,2024.0,7.4609375
-1,24900,KELP,2024,4,2022.0,23.0,0.0,0.0,2026,23,0.0,0.0,0.0,0.0,2025.0,7.9921875
-1,25000,KELP,2023,23,0.0,0.0,0.0,0.0,2026,23,0.0,0.0,0.0,0.0,2024.5,9.634765625
-1,25100,KELP,2022,25,0.0,0.0,0.0,0.0,2024,4,2026.0,25.0,0.0,0.0,2023.0,8.34765625
-1,25200,KELP,2023,1,2022.0,24.0,0.0,0.0,2025,3,2026.0,25.0,0.0,0.0,2024.0,8.71484375
-1,25300,KELP,2023,4,2022.0,22.0,0.0,0.0,2026,24,0.0,0.0,0.0,0.0,2024.5,8.703125
-1,25400,KELP,2025,8,2023.0,30.0,0.0,0.0,2026,30,0.0,0.0,0.0,0.0,2025.5,9.27734375
-1,25500,KELP,2022,21,0.0,0.0,0.0,0.0,2025,21,0.0,0.0,0.0,0.0,2023.5,4.185546875
-1,25600,KELP,2023,31,0.0,0.0,0.0,0.0,2026,23,0.0,0.0,0.0,0.0,2024.5,9.431640625
-1,25700,KELP,2023,32,0.0,0.0,0.0,0.0,2025,6,2026.0,32.0,0.0,0.0,2024.0,10.681640625
-1,25800,KELP,2023,23,0.0,0.0,0.0,0.0,2026,24,0.0,0.0,0.0,0.0,2024.5,12.20703125
-1,25900,KELP,2023,25,0.0,0.0,0.0,0.0,2026,25,0.0,0.0,0.0,0.0,2024.5,10.169921875
-1,26000,KELP,2023,22,0.0,0.0,0.0,0.0,2026,29,0.0,0.0,0.0,0.0,2024.5,8.978515625
-1,26100,KELP,2023,20,0.0,0.0,0.0,0.0,2026,20,0.0,0.0,0.0,0.0,2024.5,10.35546875
-1,26200,KELP,2023,23,0.0,0.0,0.0,0.0,2026,23,0.0,0.0,0.0,0.0,2024.5,10.728515625
-1,26300,KELP,2023,30,0.0,0.0,0.0,0.0,2026,30,0.0,0.0,0.0,0.0,2024.5,10.361328125
-1,26400,KELP,2023,27,0.0,0.0,0.0,0.0,2026,22,0.0,0.0,0.0,0.0,2024.5,9.654296875
-1,26500,KELP,2023,24,0.0,0.0,0.0,0.0,2026,24,0.0,0.0,0.0,0.0,2024.5,9.490234375
-1,26600,KELP,2023,36,0.0,0.0,0.0,0.0,2026,30,0.0,0.0,0.0,0.0,2024.5,10.23828125
-1,26700,KELP,2023,24,0.0,0.0,0.0,0.0,2025,6,2026.0,24.0,0.0,0.0,2024.0,10.140625
-1,26800,KELP,2025,1,2023.0,30.0,0.0,0.0,2026,30,0.0,0.0,0.0,0.0,2025.5,9.86328125
-1,26900,KELP,2023,29,0.0,0.0,0.0,0.0,2026,30,0.0,0.0,0.0,0.0,2024.5,9.693359375
-1,27000,KELP,2023,30,0.0,0.0,0.0,0.0,2026,28,0.0,0.0,0.0,0.0,2024.5,9.79296875
-1,27100,KELP,2023,27,0.0,0.0,0.0,0.0,2026,24,0.0,0.0,0.0,0.0,2024.5,10.59765625
-1,27200,KELP,2023,21,0.0,0.0,0.0,0.0,2025,2,2026.0,21.0,0.0,0.0,2024.0,10.228515625
-1,27300,KELP,2025,1,2023.0,31.0,0.0,0.0,2026,31,0.0,0.0,0.0,0.0,2025.5,10.49609375
-1,27400,KELP,2023,21,0.0,0.0,0.0,0.0,2026,21,0.0,0.0,0.0,0.0,2024.5,12.716796875
-1,27500,KELP,2023,23,0.0,0.0,0.0,0.0,2025,6,2026.0,23.0,0.0,0.0,2024.0,13.095703125
-1,27600,KELP,2023,30,0.0,0.0,0.0,0.0,2026,24,0.0,0.0,0.0,0.0,2024.5,12.0390625
-1,27700,KELP,2023,19,0.0,0.0,0.0,0.0,2026,24,0.0,0.0,0.0,0.0,2024.5,12.4296875
-1,27800,KELP,2023,28,0.0,0.0,0.0,0.0,2025,3,2026.0,28.0,0.0,0.0,2024.0,13.49609375
-1,27900,KELP,2025,1,2023.0,29.0,0.0,0.0,2026,29,0.0,0.0,0.0,0.0,2025.5,12.875
-1,28000,KELP,2023,28,0.0,0.0,0.0,0.0,2026,28,0.0,0.0,0.0,0.0,2024.5,13.685546875
-1,28100,KELP,2023,26,0.0,0.0,0.0,0.0,2026,26,0.0,0.0,0.0,0.0,2024.5,12.931640625
-1,28200,KELP,2023,26,0.0,0.0,0.0,0.0,2025,5,2026.0,1.0,2027.0,25.0,2024.0,14.85546875
-1,28300,KELP,2023,24,0.0,0.0,0.0,0.0,2024,2,2027.0,24.0,0.0,0.0,2023.5,15.400390625
-1,28400,KELP,2023,24,0.0,0.0,0.0,0.0,2027,25,0.0,0.0,0.0,0.0,2025.0,15.025390625
-1,28500,KELP,2023,23,0.0,0.0,0.0,0.0,2027,23,0.0,0.0,0.0,0.0,2025.0,16.021484375
-1,28600,KELP,2023,23,0.0,0.0,0.0,0.0,2025,8,2027.0,23.0,0.0,0.0,2024.0,16.1015625
-1,28700,KELP,2023,30,0.0,0.0,0.0,0.0,2027,30,0.0,0.0,0.0,0.0,2025.0,16.673828125
-1,28800,KELP,2024,27,0.0,0.0,0.0,0.0,2027,27,0.0,0.0,0.0,0.0,2025.5,18.291015625
-1,28900,KELP,2024,26,0.0,0.0,0.0,0.0,2027,22,0.0,0.0,0.0,0.0,2025.5,21.41796875
-1,29000,KELP,2024,23,0.0,0.0,0.0,0.0,2027,24,0.0,0.0,0.0,0.0,2025.5,19.27734375
-1,29100,KELP,2024,31,0.0,0.0,0.0,0.0,2027,28,0.0,0.0,0.0,0.0,2025.5,20.234375
-1,29200,KELP,2026,1,2024.0,31.0,0.0,0.0,2027,31,0.0,0.0,0.0,0.0,2026.5,19.580078125
-1,29300,KELP,2024,32,0.0,0.0,0.0,0.0,2026,2,2027.0,32.0,0.0,0.0,2025.0,19.833984375
-1,29400,KELP,2024,25,0.0,0.0,0.0,0.0,2027,26,0.0,0.0,0.0,0.0,2025.5,20.0390625
-1,29500,KELP,2024,31,0.0,0.0,0.0,0.0,2027,29,0.0,0.0,0.0,0.0,2025.5,20.203125
-1,29600,KELP,2024,2,2023.0,28.0,0.0,0.0,2025,3,2027.0,30.0,0.0,0.0,2024.5,17.36328125
-1,29700,KELP,2024,28,0.0,0.0,0.0,0.0,2027,26,0.0,0.0,0.0,0.0,2025.5,22.4765625
-1,29800,KELP,2024,31,0.0,0.0,0.0,0.0,2026,1,2027.0,1.0,2028.0,30.0,2025.0,23.244140625
-1,29900,KELP,2025,8,2024.0,21.0,0.0,0.0,2028,21,0.0,0.0,0.0,0.0,2026.5,23.79296875
-1,30000,KELP,2024,31,0.0,0.0,0.0,0.0,2028,31,0.0,0.0,0.0,0.0,2026.0,24.66015625
-1,30100,KELP,2024,30,0.0,0.0,0.0,0.0,2027,30,0.0,0.0,0.0,0.0,2025.5,22.279296875
-1,30200,KELP,2024,22,0.0,0.0,0.0,0.0,2027,22,0.0,0.0,0.0,0.0,2025.5,22.96875
-1,30300,KELP,2026,1,2024.0,31.0,0.0,0.0,2027,31,0.0,0.0,0.0,0.0,2026.5,21.77734375
-1,30400,KELP,2025,5,2024.0,31.0,0.0,0.0,2027,31,0.0,0.0,0.0,0.0,2026.0,20.423828125
-1,30500,KELP,2024,22,0.0,0.0,0.0,0.0,2027,22,0.0,0.0,0.0,0.0,2025.5,18.140625
-1,30600,KELP,2024,1,2023.0,20.0,0.0,0.0,2027,22,0.0,0.0,0.0,0.0,2025.5,17.580078125
-1,30700,KELP,2024,30,0.0,0.0,0.0,0.0,2027,30,0.0,0.0,0.0,0.0,2025.5,18.142578125
-1,30800,KELP,2024,4,2023.0,30.0,0.0,0.0,2027,31,0.0,0.0,0.0,0.0,2025.5,17.779296875
-1,30900,KELP,2023,30,0.0,0.0,0.0,0.0,2025,7,2026.0,30.0,0.0,0.0,2024.0,12.59765625
-1,31000,KELP,2024,4,2023.0,30.0,0.0,0.0,2026,23,0.0,0.0,0.0,0.0,2025.0,13.25390625
-1,31100,KELP,2023,29,0.0,0.0,0.0,0.0,2026,2,2027.0,27.0,0.0,0.0,2024.5,14.17578125
-1,31200,KELP,2023,31,0.0,0.0,0.0,0.0,2026,31,0.0,0.0,0.0,0.0,2024.5,13.884765625
-1,31300,KELP,2023,24,0.0,0.0,0.0,0.0,2026,24,0.0,0.0,0.0,0.0,2024.5,13.6328125
-1,31400,KELP,2023,26,0.0,0.0,0.0,0.0,2026,26,0.0,0.0,0.0,0.0,2024.5,11.806640625
-1,31500,KELP,2023,35,0.0,0.0,0.0,0.0,2026,30,0.0,0.0,0.0,0.0,2024.5,12.3515625
-1,31600,KELP,2025,1,2023.0,27.0,0.0,0.0,2026,27,0.0,0.0,0.0,0.0,2025.5,13.1953125
-1,31700,KELP,2023,24,0.0,0.0,0.0,0.0,2025,3,2026.0,24.0,0.0,0.0,2024.0,13.390625
-1,31800,KELP,2024,6,2023.0,26.0,0.0,0.0,2026,1,2027.0,25.0,0.0,0.0,2025.0,14.861328125
-1,31900,KELP,2024,4,2023.0,28.0,0.0,0.0,2027,28,0.0,0.0,0.0,0.0,2025.5,14.98046875
-1,32000,KELP,2024,2,2023.0,25.0,0.0,0.0,2026,1,2027.0,24.0,0.0,0.0,2025.0,14.455078125
-1,32100,KELP,2023,29,0.0,0.0,0.0,0.0,2026,29,0.0,0.0,0.0,0.0,2024.5,11.548828125
-1,32200,KELP,2023,28,0.0,0.0,0.0,0.0,2027,28,0.0,0.0,0.0,0.0,2025.0,15.517578125
-1,32300,KELP,2023,25,0.0,0.0,0.0,0.0,2026,25,0.0,0.0,0.0,0.0,2024.5,12.939453125
-1,32400,KELP,2023,30,0.0,0.0,0.0,0.0,2026,1,2027.0,30.0,0.0,0.0,2024.5,14.3046875
-1,32500,KELP,2023,21,0.0,0.0,0.0,0.0,2025,5,2027.0,22.0,0.0,0.0,2024.0,15.474609375
-1,32600,KELP,2023,30,0.0,0.0,0.0,0.0,2027,30,0.0,0.0,0.0,0.0,2025.0,16.03515625
-1,32700,KELP,2023,24,0.0,0.0,0.0,0.0,2026,2,2027.0,22.0,0.0,0.0,2024.5,14.943359375
-1,32800,KELP,2023,30,0.0,0.0,0.0,0.0,2026,2,2027.0,28.0,0.0,0.0,2024.5,14.740234375
-1,32900,KELP,2023,29,0.0,0.0,0.0,0.0,2026,2,2027.0,27.0,0.0,0.0,2024.5,14.10546875
-1,33000,KELP,2025,1,2023.0,30.0,0.0,0.0,2026,30,0.0,0.0,0.0,0.0,2025.5,13.11328125
-1,33100,KELP,2023,28,0.0,0.0,0.0,0.0,2025,3,2026.0,29.0,0.0,0.0,2024.0,13.216796875
-1,33200,KELP,2023,20,0.0,0.0,0.0,0.0,2024,10,2026.0,1.0,2027.0,20.0,2023.5,14.84375
-1,33300,KELP,2024,1,2023.0,20.0,0.0,0.0,2027,21,0.0,0.0,0.0,0.0,2025.5,17.724609375
-1,33400,KELP,2023,32,0.0,0.0,0.0,0.0,2027,32,0.0,0.0,0.0,0.0,2025.0,16.599609375
-1,33500,KELP,2023,21,0.0,0.0,0.0,0.0,2026,21,0.0,0.0,0.0,0.0,2024.5,12.533203125
-1,33600,KELP,2023,27,0.0,0.0,0.0,0.0,2026,27,0.0,0.0,0.0,0.0,2024.5,11.93359375
-1,33700,KELP,2023,32,0.0,0.0,0.0,0.0,2026,28,0.0,0.0,0.0,0.0,2024.5,11.015625
-1,33800,KELP,2024,3,2023.0,31.0,0.0,0.0,2026,26,0.0,0.0,0.0,0.0,2025.0,9.623046875
-1,33900,KELP,2023,24,0.0,0.0,0.0,0.0,2026,24,0.0,0.0,0.0,0.0,2024.5,11.015625
-1,34000,KELP,2023,29,0.0,0.0,0.0,0.0,2025,8,2026.0,30.0,0.0,0.0,2024.0,11.45703125
-1,34100,KELP,2023,25,0.0,0.0,0.0,0.0,2026,23,0.0,0.0,0.0,0.0,2024.5,10.21484375
-1,34200,KELP,2022,23,0.0,0.0,0.0,0.0,2024,1,2026.0,23.0,0.0,0.0,2023.0,7.1015625
-1,34300,KELP,2022,23,0.0,0.0,0.0,0.0,2026,23,0.0,0.0,0.0,0.0,2024.0,6.091796875
-1,34400,KELP,2023,3,2022.0,25.0,0.0,0.0,2025,2,2026.0,23.0,0.0,0.0,2024.0,5.892578125
-1,34500,KELP,2022,30,0.0,0.0,0.0,0.0,2023,5,2024.0,1.0,2026.0,30.0,2022.5,5.96484375
-1,34600,KELP,2022,29,0.0,0.0,0.0,0.0,2023,1,2026.0,29.0,0.0,0.0,2022.5,7.70703125
-1,34700,KELP,2023,24,0.0,0.0,0.0,0.0,2026,24,0.0,0.0,0.0,0.0,2024.5,9.0078125
-1,34800,KELP,2023,2,2022.0,23.0,0.0,0.0,2026,25,0.0,0.0,0.0,0.0,2024.5,8.119140625
-1,34900,KELP,2023,21,0.0,0.0,0.0,0.0,2026,21,0.0,0.0,0.0,0.0,2024.5,9.21875
-1,35000,KELP,2025,1,2023.0,20.0,0.0,0.0,2026,20,0.0,0.0,0.0,0.0,2025.5,14.064453125
-1,35100,KELP,2023,31,0.0,0.0,0.0,0.0,2026,31,0.0,0.0,0.0,0.0,2024.5,11.408203125
-1,35200,KELP,2023,33,0.0,0.0,0.0,0.0,2026,30,0.0,0.0,0.0,0.0,2024.5,12.9375
-1,35300,KELP,2023,20,0.0,0.0,0.0,0.0,2026,28,0.0,0.0,0.0,0.0,2024.5,9.92578125
-1,35400,KELP,2025,1,2023.0,27.0,0.0,0.0,2026,25,0.0,0.0,0.0,0.0,2025.5,9.552734375
-1,35500,KELP,2023,28,0.0,0.0,0.0,0.0,2026,28,0.0,0.0,0.0,0.0,2024.5,9.912109375
-1,35600,KELP,2023,26,0.0,0.0,0.0,0.0,2026,26,0.0,0.0,0.0,0.0,2024.5,9.26171875
-1,35700,KELP,2023,29,0.0,0.0,0.0,0.0,2026,29,0.0,0.0,0.0,0.0,2024.5,10.181640625
-1,35800,KELP,2023,29,0.0,0.0,0.0,0.0,2026,31,0.0,0.0,0.0,0.0,2024.5,9.994140625
-1,35900,KELP,2023,2,2022.0,21.0,0.0,0.0,2026,23,0.0,0.0,0.0,0.0,2024.5,8.236328125
-1,36000,KELP,2022,30,0.0,0.0,0.0,0.0,2024,3,2026.0,30.0,0.0,0.0,2023.0,8.2734375
-1,36100,KELP,2022,26,0.0,0.0,0.0,0.0,2025,2,2026.0,24.0,0.0,0.0,2023.5,5.771484375
-1,36200,KELP,2022,30,0.0,0.0,0.0,0.0,2025,1,2026.0,29.0,0.0,0.0,2023.5,5.849609375
-1,36300,KELP,2022,22,0.0,0.0,0.0,0.0,2024,6,2025.0,22.0,0.0,0.0,2023.0,5.0
-1,36400,KELP,2024,1,2023.0,3.0,2022.0,21.0,2025,1,2026.0,20.0,0.0,0.0,2024.5,5.36328125
-1,36500,KELP,2022,25,0.0,0.0,0.0,0.0,2023,2,2025.0,25.0,0.0,0.0,2022.5,3.806640625
-1,36600,KELP,2022,29,0.0,0.0,0.0,0.0,2025,29,0.0,0.0,0.0,0.0,2023.5,6.294921875
-1,36700,KELP,2021,21,0.0,0.0,0.0,0.0,2025,21,0.0,0.0,0.0,0.0,2023.0,-3.412109375
-1,36800,KELP,2021,30,0.0,0.0,0.0,0.0,2025,30,0.0,0.0,0.0,0.0,2023.0,-2.57421875
-1,36900,KELP,2021,27,0.0,0.0,0.0,0.0,2024,27,0.0,0.0,0.0,0.0,2022.5,-9.5
-1,37000,KELP,2020,25,0.0,0.0,0.0,0.0,2024,25,0.0,0.0,0.0,0.0,2022.0,-13.685546875
-1,37100,KELP,2021,27,0.0,0.0,0.0,0.0,2024,23,0.0,0.0,0.0,0.0,2022.5,-6.681640625
-1,37200,KELP,2021,25,0.0,0.0,0.0,0.0,2024,21,0.0,0.0,0.0,0.0,2022.5,-7.357421875
-1,37300,KELP,2022,4,2021.0,28.0,0.0,0.0,2024,1,2025.0,27.0,0.0,0.0,2023.0,-4.072265625
-1,37400,KELP,2021,30,0.0,0.0,0.0,0.0,2024,30,0.0,0.0,0.0,0.0,2022.5,-5.1640625
-1,37500,KELP,2020,27,0.0,0.0,0.0,0.0,2024,27,0.0,0.0,0.0,0.0,2022.0,-12.994140625
-1,37600,KELP,2020,22,0.0,0.0,0.0,0.0,2024,22,0.0,0.0,0.0,0.0,2022.0,-14.56640625
-1,37700,KELP,2020,24,0.0,0.0,0.0,0.0,2024,24,0.0,0.0,0.0,0.0,2022.0,-14.115234375
-1,37800,KELP,2020,24,0.0,0.0,0.0,0.0,2024,25,0.0,0.0,0.0,0.0,2022.0,-15.19921875
-1,37900,KELP,2019,25,0.0,0.0,0.0,0.0,2023,25,0.0,0.0,0.0,0.0,2021.0,-24.048828125
-1,38000,KELP,2019,32,0.0,0.0,0.0,0.0,2021,4,2023.0,32.0,0.0,0.0,2020.0,-24.146484375
-1,38100,KELP,2019,28,0.0,0.0,0.0,0.0,2022,2,2023.0,26.0,0.0,0.0,2020.5,-25.7421875
-1,38200,KELP,2019,28,0.0,0.0,0.0,0.0,2023,28,0.0,0.0,0.0,0.0,2021.0,-22.9140625
-1,38300,KELP,2019,26,0.0,0.0,0.0,0.0,2022,26,0.0,0.0,0.0,0.0,2020.5,-26.87109375
-1,38400,KELP,2019,24,0.0,0.0,0.0,0.0,2020,6,2022.0,24.0,0.0,0.0,2019.5,-27.34375
-1,38500,KELP,2019,21,0.0,0.0,0.0,0.0,2022,21,0.0,0.0,0.0,0.0,2020.5,-28.861328125
-1,38600,KELP,2019,30,0.0,0.0,0.0,0.0,2022,30,0.0,0.0,0.0,0.0,2020.5,-28.28125
-1,38700,KELP,2019,20,0.0,0.0,0.0,0.0,2022,20,0.0,0.0,0.0,0.0,2020.5,-27.80078125
-1,38800,KELP,2019,21,0.0,0.0,0.0,0.0,2020,2,2021.0,1.0,2022.0,21.0,2019.5,-27.775390625
-1,38900,KELP,2019,32,0.0,0.0,0.0,0.0,2021,7,2022.0,2.0,2023.0,30.0,2020.0,-26.21875
-1,39000,KELP,2019,23,0.0,0.0,0.0,0.0,2023,23,0.0,0.0,0.0,0.0,2021.0,-24.044921875
-1,39100,KELP,2020,25,0.0,0.0,0.0,0.0,2023,25,0.0,0.0,0.0,0.0,2021.5,-19.013671875
-1,39200,KELP,2020,30,0.0,0.0,0.0,0.0,2022,2,2023.0,30.0,0.0,0.0,2021.0,-17.857421875
-1,39300,KELP,2020,27,0.0,0.0,0.0,0.0,2023,27,0.0,0.0,0.0,0.0,2021.5,-16.208984375
-1,39400,KELP,2020,31,0.0,0.0,0.0,0.0,2022,5,2023.0,31.0,0.0,0.0,2021.0,-20.02734375
-1,39500,KELP,2019,27,0.0,0.0,0.0,0.0,2021,3,2022.0,27.0,0.0,0.0,2020.0,-28.859375
-1,39600,KELP,2021,4,2019.0,23.0,0.0,0.0,2023,23,0.0,0.0,0.0,0.0,2022.0,-25.19921875
-1,39700,KELP,2019,28,0.0,0.0,0.0,0.0,2022,2,2023.0,22.0,0.0,0.0,2020.5,-26.154296875
-1,39800,KELP,2019,28,0.0,0.0,0.0,0.0,2022,1,2023.0,27.0,0.0,0.0,2020.5,-26.22265625
-1,39900,KELP,2019,31,0.0,0.0,0.0,0.0,2022,31,0.0,0.0,0.0,0.0,2020.5,-29.224609375
-1,40000,KELP,2018,22,0.0,0.0,0.0,0.0,2022,22,0.0,0.0,0.0,0.0,2020.0,-32.939453125
-1,40100,KELP,2019,31,0.0,0.0,0.0,0.0,2022,31,0.0,0.0,0.0,0.0,2020.5,-29.38671875
-1,40200,KELP,2019,1,2018.0,28.0,0.0,0.0,2022,29,0.0,0.0,0.0,0.0,2020.5,-33.12890625
-1,40300,KELP,2019,22,0.0,0.0,0.0,0.0,2022,22,0.0,0.0,0.0,0.0,2020.5,-31.607421875
-1,40400,KELP,2018,24,0.0,0.0,0.0,0.0,2022,24,0.0,0.0,0.0,0.0,2020.0,-34.33203125
-1,40500,KELP,2019,1,2018.0,27.0,0.0,0.0,2022,29,0.0,0.0,0.0,0.0,2020.5,-33.537109375
-1,40600,KELP,2019,4,2018.0,26.0,0.0,0.0,2022,26,0.0,0.0,0.0,0.0,2020.5,-35.02734375
-1,40700,KELP,2018,22,0.0,0.0,0.0,0.0,2021,22,0.0,0.0,0.0,0.0,2019.5,-41.22265625
-1,40800,KELP,2018,27,0.0,0.0,0.0,0.0,2021,27,0.0,0.0,0.0,0.0,2019.5,-38.666015625
-1,40900,KELP,2017,28,0.0,0.0,0.0,0.0,2021,28,0.0,0.0,0.0,0.0,2019.0,-45.173828125
-1,41000,KELP,2018,20,0.0,0.0,0.0,0.0,2020,3,2021.0,21.0,0.0,0.0,2019.0,-39.439453125
-1,41100,KELP,2018,24,0.0,0.0,0.0,0.0,2021,27,0.0,0.0,0.0,0.0,2019.5,-39.96484375
-1,41200,KELP,2018,29,0.0,0.0,0.0,0.0,2021,29,0.0,0.0,0.0,0.0,2019.5,-40.125
-1,41300,KELP,2017,25,0.0,0.0,0.0,0.0,2019,4,2021.0,25.0,0.0,0.0,2018.0,-45.94140625
-1,41400,KELP,2017,25,0.0,0.0,0.0,0.0,2018,4,2019.0,5.0,2020.0,25.0,2017.5,-53.619140625
-1,41500,KELP,2017,22,0.0,0.0,0.0,0.0,2019,1,2021.0,22.0,0.0,0.0,2018.0,-46.818359375
-1,41600,KELP,2017,23,0.0,0.0,0.0,0.0,2019,7,2020.0,1.0,2021.0,22.0,2018.0,-47.595703125
-1,41700,KELP,2019,4,2017.0,21.0,0.0,0.0,2021,21,0.0,0.0,0.0,0.0,2020.0,-45.55078125
-1,41800,KELP,2018,24,0.0,0.0,0.0,0.0,2021,24,0.0,0.0,0.0,0.0,2019.5,-40.95703125
-1,41900,KELP,2018,22,0.0,0.0,0.0,0.0,2020,1,2021.0,22.0,0.0,0.0,2019.0,-40.40234375
-1,42000,KELP,2018,31,0.0,0.0,0.0,0.0,2020,5,2021.0,32.0,0.0,0.0,2019.0,-38.384765625
-1,42100,KELP,2018,23,0.0,0.0,0.0,0.0,2021,2,2022.0,21.0,0.0,0.0,2019.5,-36.96875
-1,42200,KELP,2018,28,0.0,0.0,0.0,0.0,2022,28,0.0,0.0,0.0,0.0,2020.0,-36.466796875
-1,42300,KELP,2018,20,0.0,0.0,0.0,0.0,2019,7,2020.0,2.0,2022.0,20.0,2018.5,-35.916015625
-1,42400,KELP,2019,30,0.0,0.0,0.0,0.0,2022,31,0.0,0.0,0.0,0.0,2020.5,-32.02734375
-1,42500,KELP,2019,24,0.0,0.0,0.0,0.0,2022,24,0.0,0.0,0.0,0.0,2020.5,-32.330078125
-1,42600,KELP,2019,26,0.0,0.0,0.0,0.0,2022,26,0.0,0.0,0.0,0.0,2020.5,-31.2421875
-1,42700,KELP,2018,26,0.0,0.0,0.0,0.0,2022,26,0.0,0.0,0.0,0.0,2020.0,-34.82421875
-1,42800,KELP,2019,30,0.0,0.0,0.0,0.0,2022,30,0.0,0.0,0.0,0.0,2020.5,-32.14453125
-1,42900,KELP,2019,25,0.0,0.0,0.0,0.0,2022,25,0.0,0.0,0.0,0.0,2020.5,-29.609375
-1,43000,KELP,2020,2,2019.0,23.0,0.0,0.0,2023,23,0.0,0.0,0.0,0.0,2021.5,-24.25390625
-1,43100,KELP,2020,21,0.0,0.0,0.0,0.0,2023,21,0.0,0.0,0.0,0.0,2021.5,-20.318359375
-1,43200,KELP,2019,21,0.0,0.0,0.0,0.0,2023,21,0.0,0.0,0.0,0.0,2021.0,-23.06640625
-1,43300,KELP,2019,25,0.0,0.0,0.0,0.0,2021,2,2023.0,25.0,0.0,0.0,2020.0,-23.126953125
-1,43400,KELP,2021,4,2020.0,24.0,0.0,0.0,2023,24,0.0,0.0,0.0,0.0,2022.0,-21.560546875
-1,43500,KELP,2020,22,0.0,0.0,0.0,0.0,2022,7,2023.0,23.0,0.0,0.0,2021.0,-20.775390625
-1,43600,KELP,2020,5,2019.0,21.0,0.0,0.0,2023,23,0.0,0.0,0.0,0.0,2021.5,-22.1640625
-1,43700,KELP,2020,24,0.0,0.0,0.0,0.0,2023,24,0.0,0.0,0.0,0.0,2021.5,-21.14453125
-1,43800,KELP,2020,35,0.0,0.0,0.0,0.0,2023,28,0.0,0.0,0.0,0.0,2021.5,-19.4765625
-1,43900,KELP,2020,36,0.0,0.0,0.0,0.0,2023,30,0.0,0.0,0.0,0.0,2021.5,-21.4921875
-1,44000,KELP,2020,22,0.0,0.0,0.0,0.0,2022,3,2023.0,22.0,0.0,0.0,2021.0,-19.32421875
-1,44100,KELP,2019,24,0.0,0.0,0.0,0.0,2023,24,0.0,0.0,0.0,0.0,2021.0,-24.7265625
-1,44200,KELP,2019,21,0.0,0.0,0.0,0.0,2023,21,0.0,0.0,0.0,0.0,2021.0,-25.255859375
-1,44300,KELP,2019,27,0.0,0.0,0.0,0.0,2023,27,0.0,0.0,0.0,0.0,2021.0,-24.49609375
-1,44400,KELP,2018,28,0.0,0.0,0.0,0.0,2022,28,0.0,0.0,0.0,0.0,2020.0,-33.51171875
-1,44500,KELP,2021,1,2019.0,2.0,2018.0,21.0,2022,21,0.0,0.0,0.0,0.0,2021.5,-33.044921875
-1,44600,KELP,2019,24,0.0,0.0,0.0,0.0,2022,24,0.0,0.0,0.0,0.0,2020.5,-31.05859375
-1,44700,KELP,2019,29,0.0,0.0,0.0,0.0,2022,29,0.0,0.0,0.0,0.0,2020.5,-31.572265625
-1,44800,KELP,2018,29,0.0,0.0,0.0,0.0,2022,29,0.0,0.0,0.0,0.0,2020.0,-33.78125
-1,44900,KELP,2019,1,2018.0,26.0,0.0,0.0,2022,26,0.0,0.0,0.0,0.0,2020.5,-34.58984375
-1,45000,KELP,2018,26,0.0,0.0,0.0,0.0,2022,26,0.0,0.0,0.0,0.0,2020.0,-34.373046875
-1,45100,KELP,2019,27,0.0,0.0,0.0,0.0,2021,5,2022.0,27.0,0.0,0.0,2020.0,-31.984375
-1,45200,KELP,2019,29,0.0,0.0,0.0,0.0,2021,6,2022.0,29.0,0.0,0.0,2020.0,-32.478515625
-1,45300,KELP,2018,26,0.0,0.0,0.0,0.0,2021,22,0.0,0.0,0.0,0.0,2019.5,-38.0
-1,45400,KELP,2018,22,0.0,0.0,0.0,0.0,2020,2,2021.0,23.0,0.0,0.0,2019.0,-41.310546875
-1,45500,KELP,2018,25,0.0,0.0,0.0,0.0,2019,3,2021.0,25.0,0.0,0.0,2018.5,-40.357421875
-1,45600,KELP,2018,33,0.0,0.0,0.0,0.0,2021,26,0.0,0.0,0.0,0.0,2019.5,-39.275390625
-1,45700,KELP,2018,24,0.0,0.0,0.0,0.0,2021,24,0.0,0.0,0.0,0.0,2019.5,-39.126953125
-1,45800,KELP,2018,27,0.0,0.0,0.0,0.0,2021,28,0.0,0.0,0.0,0.0,2019.5,-38.421875
-1,45900,KELP,2019,4,2018.0,31.0,0.0,0.0,2022,31,0.0,0.0,0.0,0.0,2020.5,-35.400390625
-1,46000,KELP,2019,2,2018.0,24.0,0.0,0.0,2022,26,0.0,0.0,0.0,0.0,2020.5,-32.7890625
-1,46100,KELP,2019,25,0.0,0.0,0.0,0.0,2022,25,0.0,0.0,0.0,0.0,2020.5,-31.873046875
-1,46200,KELP,2018,28,0.0,0.0,0.0,0.0,2021,1,2022.0,27.0,0.0,0.0,2019.5,-36.544921875
-1,46300,KELP,2018,29,0.0,0.0,0.0,0.0,2021,29,0.0,0.0,0.0,0.0,2019.5,-39.203125
-1,46400,KELP,2018,22,0.0,0.0,0.0,0.0,2022,22,0.0,0.0,0.0,0.0,2020.0,-36.81640625
-1,46500,KELP,2019,6,2018.0,31.0,0.0,0.0,2021,31,0.0,0.0,0.0,0.0,2020.0,-37.443359375
-1,46600,KELP,2019,3,2018.0,28.0,0.0,0.0,2021,1,2022.0,27.0,0.0,0.0,2020.0,-36.462890625
-1,46700,KELP,2019,26,0.0,0.0,0.0,0.0,2022,26,0.0,0.0,0.0,0.0,2020.5,-32.291015625
-1,46800,KELP,2019,22,0.0,0.0,0.0,0.0,2022,22,0.0,0.0,0.0,0.0,2020.5,-29.5625
-1,46900,KELP,2021,1,2019.0,32.0,0.0,0.0,2022,32,0.0,0.0,0.0,0.0,2021.5,-32.00390625
-1,47000,KELP,2019,21,0.0,0.0,0.0,0.0,2022,21,0.0,0.0,0.0,0.0,2020.5,-31.1875
-1,47100,KELP,2019,22,0.0,0.0,0.0,0.0,2022,26,0.0,0.0,0.0,0.0,2020.5,-31.9921875
-1,47200,KELP,2019,30,0.0,0.0,0.0,0.0,2022,30,0.0,0.0,0.0,0.0,2020.5,-31.6875
-1,47300,KELP,2019,25,0.0,0.0,0.0,0.0,2021,1,2022.0,25.0,0.0,0.0,2020.0,-30.810546875
-1,47400,KELP,2019,25,0.0,0.0,0.0,0.0,2022,24,0.0,0.0,0.0,0.0,2020.5,-28.6640625
-1,47500,KELP,2019,30,0.0,0.0,0.0,0.0,2021,6,2022.0,30.0,0.0,0.0,2020.0,-28.91015625
-1,47600,KELP,2019,28,0.0,0.0,0.0,0.0,2022,28,0.0,0.0,0.0,0.0,2020.5,-27.005859375
-1,47700,KELP,2019,23,0.0,0.0,0.0,0.0,2022,23,0.0,0.0,0.0,0.0,2020.5,-26.56640625
-1,47800,KELP,2019,23,0.0,0.0,0.0,0.0,2022,1,2023.0,22.0,0.0,0.0,2020.5,-26.0
-1,47900,KELP,2019,27,0.0,0.0,0.0,0.0,2023,27,0.0,0.0,0.0,0.0,2021.0,-25.810546875
-1,48000,KELP,2019,27,0.0,0.0,0.0,0.0,2023,27,0.0,0.0,0.0,0.0,2021.0,-26.01953125
-1,48100,KELP,2019,22,0.0,0.0,0.0,0.0,2022,21,0.0,0.0,0.0,0.0,2020.5,-28.001953125
-1,48200,KELP,2019,25,0.0,0.0,0.0,0.0,2022,25,0.0,0.0,0.0,0.0,2020.5,-28.611328125
-1,48300,KELP,2018,29,0.0,0.0,0.0,0.0,2019,5,2022.0,29.0,0.0,0.0,2018.5,-35.966796875
-1,48400,KELP,2019,1,2018.0,27.0,0.0,0.0,2022,27,0.0,0.0,0.0,0.0,2020.5,-29.2578125
-1,48500,KELP,2019,1,2018.0,29.0,0.0,0.0,2022,29,0.0,0.0,0.0,0.0,2020.5,-30.09375
-1,48600,KELP,2019,1,2018.0,29.0,0.0,0.0,2022,29,0.0,0.0,0.0,0.0,2020.5,-29.810546875
-1,48700,KELP,2018,23,0.0,0.0,0.0,0.0,2022,23,0.0,0.0,0.0,0.0,2020.0,-30.8359375
-1,48800,KELP,2019,29,0.0,0.0,0.0,0.0,2022,24,0.0,0.0,0.0,0.0,2020.5,-26.123046875
-1,48900,KELP,2019,34,0.0,0.0,0.0,0.0,2022,27,0.0,0.0,0.0,0.0,2020.5,-24.3046875
-1,49000,KELP,2019,39,0.0,0.0,0.0,0.0,2022,32,0.0,0.0,0.0,0.0,2020.5,-25.75390625
-1,49100,KELP,2019,40,0.0,0.0,0.0,0.0,2022,32,0.0,0.0,0.0,0.0,2020.5,-21.310546875
-1,49200,KELP,2019,21,0.0,0.0,0.0,0.0,2022,21,0.0,0.0,0.0,0.0,2020.5,-24.875
-1,49300,KELP,2019,21,0.0,0.0,0.0,0.0,2022,22,0.0,0.0,0.0,0.0,2020.5,-22.890625
-1,49400,KELP,2021,9,2020.0,5.0,2019.0,20.0,2022,20,0.0,0.0,0.0,0.0,2021.5,-25.064453125
-1,49500,KELP,2019,40,0.0,0.0,0.0,0.0,2022,32,0.0,0.0,0.0,0.0,2020.5,-22.126953125
-1,49600,KELP,2021,1,2019.0,24.0,0.0,0.0,2022,24,0.0,0.0,0.0,0.0,2021.5,-19.490234375
-1,49700,KELP,2019,28,0.0,0.0,0.0,0.0,2022,28,0.0,0.0,0.0,0.0,2020.5,-20.275390625
-1,49800,KELP,2019,25,0.0,0.0,0.0,0.0,2020,5,2023.0,25.0,0.0,0.0,2019.5,-12.900390625
-1,49900,KELP,2019,23,0.0,0.0,0.0,0.0,2023,23,0.0,0.0,0.0,0.0,2021.0,-14.677734375
-1,50000,KELP,2019,21,0.0,0.0,0.0,0.0,2022,1,2023.0,20.0,0.0,0.0,2020.5,-16.384765625
-1,50100,KELP,2019,24,0.0,0.0,0.0,0.0,2021,2,2022.0,24.0,0.0,0.0,2020.0,-18.447265625
-1,50200,KELP,2019,24,0.0,0.0,0.0,0.0,2023,24,0.0,0.0,0.0,0.0,2021.0,-13.599609375
-1,50300,KELP,2019,30,0.0,0.0,0.0,0.0,2023,30,0.0,0.0,0.0,0.0,2021.0,-12.11328125
-1,50400,KELP,2019,23,0.0,0.0,0.0,0.0,2021,3,2023.0,23.0,0.0,0.0,2020.0,-12.416015625
-1,50500,KELP,2019,25,0.0,0.0,0.0,0.0,2023,25,0.0,0.0,0.0,0.0,2021.0,-12.962890625
-1,50600,KELP,2019,21,0.0,0.0,0.0,0.0,2020,6,2023.0,23.0,0.0,0.0,2019.5,-11.72265625
-1,50700,KELP,2020,24,0.0,0.0,0.0,0.0,2023,24,0.0,0.0,0.0,0.0,2021.5,-10.55078125
-1,50800,KELP,2022,1,2020.0,24.0,0.0,0.0,2023,24,0.0,0.0,0.0,0.0,2022.5,-8.310546875
-1,50900,KELP,2020,28,0.0,0.0,0.0,0.0,2022,4,2023.0,28.0,0.0,0.0,2021.0,-7.30078125
-1,51000,KELP,2020,28,0.0,0.0,0.0,0.0,2023,28,0.0,0.0,0.0,0.0,2021.5,-8.732421875
-1,51100,KELP,2020,26,0.0,0.0,0.0,0.0,2023,26,0.0,0.0,0.0,0.0,2021.5,-5.66796875
-1,51200,KELP,2020,30,0.0,0.0,0.0,0.0,2023,30,0.0,0.0,0.0,0.0,2021.5,-7.634765625
-1,51300,KELP,2020,25,0.0,0.0,0.0,0.0,2023,25,0.0,0.0,0.0,0.0,2021.5,-2.05078125
-1,51400,KELP,2020,30,0.0,0.0,0.0,0.0,2023,30,0.0,0.0,0.0,0.0,2021.5,-5.275390625
-1,51500,KELP,2022,1,2020.0,30.0,0.0,0.0,2023,30,0.0,0.0,0.0,0.0,2022.5,-5.64453125
-1,51600,KELP,2021,5,2020.0,24.0,0.0,0.0,2023,24,0.0,0.0,0.0,0.0,2022.0,-4.857421875
-1,51700,KELP,2020,16,0.0,0.0,0.0,0.0,2023,20,0.0,0.0,0.0,0.0,2021.5,-7.30078125
-1,51800,KELP,2020,1,2019.0,24.0,0.0,0.0,2023,25,0.0,0.0,0.0,0.0,2021.5,-10.720703125
-1,51900,KELP,2021,4,2019.0,24.0,0.0,0.0,2023,24,0.0,0.0,0.0,0.0,2022.0,-13.806640625
-1,52000,KELP,2019,29,0.0,0.0,0.0,0.0,2021,6,2023.0,29.0,0.0,0.0,2020.0,-12.03515625
-1,52100,KELP,2019,21,0.0,0.0,0.0,0.0,2023,21,0.0,0.0,0.0,0.0,2021.0,-11.7109375
-1,52200,KELP,2019,31,0.0,0.0,0.0,0.0,2023,31,0.0,0.0,0.0,0.0,2021.0,-14.455078125
-1,52300,KELP,2022,1,2019.0,28.0,0.0,0.0,2023,28,0.0,0.0,0.0,0.0,2022.5,-12.8671875
-1,52400,KELP,2020,30,0.0,0.0,0.0,0.0,2023,30,0.0,0.0,0.0,0.0,2021.5,-5.86328125
-1,52500,KELP,2022,1,2020.0,28.0,0.0,0.0,2023,28,0.0,0.0,0.0,0.0,2022.5,-6.740234375
-1,52600,KELP,2020,1,2019.0,22.0,0.0,0.0,2021,4,2023.0,23.0,0.0,0.0,2020.5,-12.189453125
-1,52700,KELP,2019,26,0.0,0.0,0.0,0.0,2023,27,0.0,0.0,0.0,0.0,2021.0,-14.8125
-1,52800,KELP,2019,26,0.0,0.0,0.0,0.0,2023,26,0.0,0.0,0.0,0.0,2021.0,-9.90234375
-1,52900,KELP,2020,30,0.0,0.0,0.0,0.0,2023,30,0.0,0.0,0.0,0.0,2021.5,-9.25
-1,53000,KELP,2020,21,0.0,0.0,0.0,0.0,2023,21,0.0,0.0,0.0,0.0,2021.5,-6.04296875
-1,53100,KELP,2019,24,0.0,0.0,0.0,0.0,2023,24,0.0,0.0,0.0,0.0,2021.0,-13.0546875
-1,53200,KELP,2022,1,2019.0,31.0,0.0,0.0,2023,31,0.0,0.0,0.0,0.0,2022.5,-12.16796875
-1,53300,KELP,2020,29,0.0,0.0,0.0,0.0,2023,29,0.0,0.0,0.0,0.0,2021.5,-9.07421875
-1,53400,KELP,2020,25,0.0,0.0,0.0,0.0,2023,25,0.0,0.0,0.0,0.0,2021.5,-4.6171875
-1,53500,KELP,2020,23,0.0,0.0,0.0,0.0,2023,23,0.0,0.0,0.0,0.0,2021.5,-6.9609375
-1,53600,KELP,2020,24,0.0,0.0,0.0,0.0,2023,24,0.0,0.0,0.0,0.0,2021.5,-9.33984375
-1,53700,KELP,2019,30,0.0,0.0,0.0,0.0,2023,30,0.0,0.0,0.0,0.0,2021.0,-11.66796875
-1,53800,KELP,2019,30,0.0,0.0,0.0,0.0,2023,30,0.0,0.0,0.0,0.0,2021.0,-12.08203125
-1,53900,KELP,2019,27,0.0,0.0,0.0,0.0,2023,27,0.0,0.0,0.0,0.0,2021.0,-13.2890625
-1,54000,KELP,2020,31,0.0,0.0,0.0,0.0,2022,1,2023.0,31.0,0.0,0.0,2021.0,-6.14453125
-1,54100,KELP,2020,24,0.0,0.0,0.0,0.0,2022,2,2023.0,24.0,0.0,0.0,2021.0,-6.94140625
-1,54200,KELP,2020,28,0.0,0.0,0.0,0.0,2023,28,0.0,0.0,0.0,0.0,2021.5,-7.5
-1,54300,KELP,2022,1,2019.0,25.0,0.0,0.0,2023,25,0.0,0.0,0.0,0.0,2022.5,-14.16015625
-1,54400,KELP,2019,29,0.0,0.0,0.0,0.0,2022,29,0.0,0.0,0.0,0.0,2020.5,-18.796875
-1,54500,KELP,2019,21,0.0,0.0,0.0,0.0,2022,21,0.0,0.0,0.0,0.0,2020.5,-20.72265625
-1,54600,KELP,2019,27,0.0,0.0,0.0,0.0,2023,27,0.0,0.0,0.0,0.0,2021.0,-18.12109375
-1,54700,KELP,2019,29,0.0,0.0,0.0,0.0,2020,4,2022.0,29.0,0.0,0.0,2019.5,-18.8828125
-1,54800,KELP,2019,27,0.0,0.0,0.0,0.0,2021,1,2022.0,27.0,0.0,0.0,2020.0,-19.55859375
-1,54900,KELP,2019,29,0.0,0.0,0.0,0.0,2022,29,0.0,0.0,0.0,0.0,2020.5,-20.6015625
-1,55000,KELP,2019,36,0.0,0.0,0.0,0.0,2022,30,0.0,0.0,0.0,0.0,2020.5,-25.0625
-1,55100,KELP,2019,37,0.0,0.0,0.0,0.0,2022,29,0.0,0.0,0.0,0.0,2020.5,-28.125
-1,55200,KELP,2018,21,0.0,0.0,0.0,0.0,2019,3,2020.0,8.0,2022.0,23.0,2018.5,-30.7890625
-1,55300,KELP,2018,29,0.0,0.0,0.0,0.0,2022,29,0.0,0.0,0.0,0.0,2020.0,-29.41796875
-1,55400,KELP,2019,2,2018.0,22.0,0.0,0.0,2022,22,0.0,0.0,0.0,0.0,2020.5,-28.71875
-1,55500,KELP,2021,1,2019.0,4.0,2018.0,25.0,2022,25,0.0,0.0,0.0,0.0,2021.5,-27.0
-1,55600,KELP,2019,3,2018.0,26.0,0.0,0.0,2022,26,0.0,0.0,0.0,0.0,2020.5,-28.14453125
-1,55700,KELP,2019,25,0.0,0.0,0.0,0.0,2022,23,0.0,0.0,0.0,0.0,2020.5,-26.07421875
-1,55800,KELP,2018,27,0.0,0.0,0.0,0.0,2022,27,0.0,0.0,0.0,0.0,2020.0,-28.640625
-1,55900,KELP,2018,22,0.0,0.0,0.0,0.0,2022,22,0.0,0.0,0.0,0.0,2020.0,-32.9375
-1,56000,KELP,2018,24,0.0,0.0,0.0,0.0,2019,3,2021.0,2.0,2022.0,22.0,2018.5,-35.00390625
-1,56100,KELP,2019,22,0.0,0.0,0.0,0.0,2022,22,0.0,0.0,0.0,0.0,2020.5,-23.3984375
-1,56200,KELP,2020,2,2018.0,30.0,0.0,0.0,2022,30,0.0,0.0,0.0,0.0,2021.0,-28.65625
-1,56300,KELP,2019,6,2018.0,27.0,0.0,0.0,2022,27,0.0,0.0,0.0,0.0,2020.5,-29.2578125
-1,56400,KELP,2018,31,0.0,0.0,0.0,0.0,2022,31,0.0,0.0,0.0,0.0,2020.0,-30.2109375
-1,56500,KELP,2018,29,0.0,0.0,0.0,0.0,2022,29,0.0,0.0,0.0,0.0,2020.0,-30.875
-1,56600,KELP,2019,2,2018.0,29.0,0.0,0.0,2022,31,0.0,0.0,0.0,0.0,2020.5,-27.4296875
-1,56700,KELP,2020,6,2018.0,26.0,0.0,0.0,2022,26,0.0,0.0,0.0,0.0,2021.0,-32.04296875
-1,56800,KELP,2018,24,0.0,0.0,0.0,0.0,2021,2,2022.0,22.0,0.0,0.0,2019.5,-34.453125
-1,56900,KELP,2018,24,0.0,0.0,0.0,0.0,2021,22,0.0,0.0,0.0,0.0,2019.5,-39.9375
-1,57000,KELP,2018,28,0.0,0.0,0.0,0.0,2020,8,2021.0,28.0,0.0,0.0,2019.0,-47.5859375
-1,57100,KELP,2017,27,0.0,0.0,0.0,0.0,2020,27,0.0,0.0,0.0,0.0,2018.5,-59.7734375
-1,57200,KELP,2019,1,2017.0,27.0,0.0,0.0,2020,27,0.0,0.0,0.0,0.0,2019.5,-63.3671875
-1,57300,KELP,2017,27,0.0,0.0,0.0,0.0,2020,27,0.0,0.0,0.0,0.0,2018.5,-61.0234375
-1,57400,KELP,2017,24,0.0,0.0,0.0,0.0,2019,2,2020.0,24.0,0.0,0.0,2018.0,-63.18359375
-1,57500,KELP,2019,5,2017.0,30.0,0.0,0.0,2020,25,0.0,0.0,0.0,0.0,2019.5,-62.80859375
-1,57600,KELP,2017,24,0.0,0.0,0.0,0.0,2020,24,0.0,0.0,0.0,0.0,2018.5,-61.05859375
-1,57700,KELP,2017,29,0.0,0.0,0.0,0.0,2020,29,0.0,0.0,0.0,0.0,2018.5,-61.421875
-1,57800,KELP,2017,31,0.0,0.0,0.0,0.0,2020,2,2021.0,29.0,0.0,0.0,2018.5,-56.68359375
-1,57900,KELP,2017,27,0.0,0.0,0.0,0.0,2018,6,2019.0,5.0,2020.0,2.0,2017.5,-58.33203125
-1,58000,KELP,2017,29,0.0,0.0,0.0,0.0,2020,1,2021.0,24.0,0.0,0.0,2018.5,-58.6484375
-1,58100,KELP,2017,23,0.0,0.0,0.0,0.0,2020,23,0.0,0.0,0.0,0.0,2018.5,-65.7265625
-1,58200,KELP,2017,31,0.0,0.0,0.0,0.0,2020,31,0.0,0.0,0.0,0.0,2018.5,-64.2890625
-1,58300,KELP,2017,29,0.0,0.0,0.0,0.0,2020,29,0.0,0.0,0.0,0.0,2018.5,-65.3984375
-1,58400,KELP,2016,23,0.0,0.0,0.0,0.0,2018,1,2019.0,23.0,0.0,0.0,2017.0,-90.6015625
-1,58500,KELP,2016,21,0.0,0.0,0.0,0.0,2019,21,0.0,0.0,0.0,0.0,2017.5,-94.57421875
-1,58600,KELP,2015,25,0.0,0.0,0.0,0.0,2017,7,2019.0,25.0,0.0,0.0,2016.0,-100.4765625
-1,58700,KELP,2015,34,0.0,0.0,0.0,0.0,2018,32,0.0,0.0,0.0,0.0,2016.5,-106.65234375
-1,58800,KELP,2015,29,0.0,0.0,0.0,0.0,2019,29,0.0,0.0,0.0,0.0,2017.0,-101.16796875
-1,58900,KELP,2015,25,0.0,0.0,0.0,0.0,2019,25,0.0,0.0,0.0,0.0,2017.0,-97.828125
-1,59000,KELP,2016,22,0.0,0.0,0.0,0.0,2019,22,0.0,0.0,0.0,0.0,2017.5,-91.328125
-1,59100,KELP,2016,34,0.0,0.0,0.0,0.0,2019,27,0.0,0.0,0.0,0.0,2017.5,-86.01171875
-1,59200,KELP,2016,31,0.0,0.0,0.0,0.0,2020,31,0.0,0.0,0.0,0.0,2018.0,-75.33984375
-1,59300,KELP,2016,26,0.0,0.0,0.0,0.0,2018,2,2019.0,27.0,0.0,0.0,2017.0,-85.23828125
-1,59400,KELP,2015,22,0.0,0.0,0.0,0.0,2019,22,0.0,0.0,0.0,0.0,2017.0,-98.0703125
-1,59500,KELP,2015,23,0.0,0.0,0.0,0.0,2019,23,0.0,0.0,0.0,0.0,2017.0,-95.93359375
-1,59600,KELP,2016,29,0.0,0.0,0.0,0.0,2019,29,0.0,0.0,0.0,0.0,2017.5,-93.25390625
-1,59700,KELP,2015,21,0.0,0.0,0.0,0.0,2018,21,0.0,0.0,0.0,0.0,2016.5,-112.50390625
-1,59800,KELP,2015,25,0.0,0.0,0.0,0.0,2018,25,0.0,0.0,0.0,0.0,2016.5,-109.84375
-1,59900,KELP,2015,24,0.0,0.0,0.0,0.0,2018,24,0.0,0.0,0.0,0.0,2016.5,-112.68359375
-1,60000,KELP,2015,22,0.0,0.0,0.0,0.0,2018,22,0.0,0.0,0.0,0.0,2016.5,-110.35546875
-1,60100,KELP,2015,27,0.0,0.0,0.0,0.0,2018,27,0.0,0.0,0.0,0.0,2016.5,-112.171875
-1,60200,KELP,2016,3,2015.0,25.0,0.0,0.0,2018,25,0.0,0.0,0.0,0.0,2017.0,-117.43359375
-1,60300,KELP,2015,28,0.0,0.0,0.0,0.0,2018,28,0.0,0.0,0.0,0.0,2016.5,-118.09375
-1,60400,KELP,2015,1,2014.0,20.0,0.0,0.0,2018,21,0.0,0.0,0.0,0.0,2016.5,-120.2421875
-1,60500,KELP,2015,24,0.0,0.0,0.0,0.0,2018,24,0.0,0.0,0.0,0.0,2016.5,-108.1796875
-1,60600,KELP,2015,26,0.0,0.0,0.0,0.0,2018,24,0.0,0.0,0.0,0.0,2016.5,-108.83984375
-1,60700,KELP,2015,22,0.0,0.0,0.0,0.0,2017,5,2018.0,22.0,0.0,0.0,2016.0,-109.01953125
-1,60800,KELP,2015,31,0.0,0.0,0.0,0.0,2018,32,0.0,0.0,0.0,0.0,2016.5,-108.70703125
-1,60900,KELP,2015,28,0.0,0.0,0.0,0.0,2017,4,2018.0,31.0,0.0,0.0,2016.0,-114.140625
-1,61000,KELP,2015,28,0.0,0.0,0.0,0.0,2018,28,0.0,0.0,0.0,0.0,2016.5,-111.13671875
-1,61100,KELP,2015,29,0.0,0.0,0.0,0.0,2017,3,2018.0,29.0,0.0,0.0,2016.0,-117.80078125
-1,61200,KELP,2015,22,0.0,0.0,0.0,0.0,2016,2,2018.0,22.0,0.0,0.0,2015.5,-112.14453125
-1,61300,KELP,2015,23,0.0,0.0,0.0,0.0,2018,23,0.0,0.0,0.0,0.0,2016.5,-106.0390625
-1,61400,KELP,2015,31,0.0,0.0,0.0,0.0,2018,1,2019.0,30.0,0.0,0.0,2016.5,-103.7578125
-1,61500,KELP,2015,29,0.0,0.0,0.0,0.0,2018,29,0.0,0.0,0.0,0.0,2016.5,-112.671875
-1,61600,KELP,2015,30,0.0,0.0,0.0,0.0,2017,5,2018.0,30.0,0.0,0.0,2016.0,-117.5625
-1,61700,KELP,2014,26,0.0,0.0,0.0,0.0,2016,7,2017.0,27.0,0.0,0.0,2015.0,-133.88671875
-1,61800,KELP,2015,20,0.0,0.0,0.0,0.0,2018,20,0.0,0.0,0.0,0.0,2016.5,-116.58984375
-1,61900,KELP,2014,26,0.0,0.0,0.0,0.0,2017,26,0.0,0.0,0.0,0.0,2015.5,-132.03515625
-1,62000,KELP,2016,1,2014.0,20.0,0.0,0.0,2017,20,0.0,0.0,0.0,0.0,2016.5,-130.74609375
-1,62100,KELP,2014,25,0.0,0.0,0.0,0.0,2017,25,0.0,0.0,0.0,0.0,2015.5,-129.3125
-1,62200,KELP,2014,25,0.0,0.0,0.0,0.0,2017,25,0.0,0.0,0.0,0.0,2015.5,-132.4296875
-1,62300,KELP,2014,22,0.0,0.0,0.0,0.0,2017,22,0.0,0.0,0.0,0.0,2015.5,-130.05078125
-1,62400,KELP,2014,25,0.0,0.0,0.0,0.0,2016,8,2018.0,25.0,0.0,0.0,2015.0,-120.6328125
-1,62500,KELP,2015,3,2014.0,23.0,0.0,0.0,2018,24,0.0,0.0,0.0,0.0,2016.5,-120.01953125
-1,62600,KELP,2015,29,0.0,0.0,0.0,0.0,2018,29,0.0,0.0,0.0,0.0,2016.5,-109.55859375
-1,62700,KELP,2015,26,0.0,0.0,0.0,0.0,2018,26,0.0,0.0,0.0,0.0,2016.5,-110.4765625
-1,62800,KELP,2015,25,0.0,0.0,0.0,0.0,2017,1,2019.0,26.0,0.0,0.0,2016.0,-102.08984375
-1,62900,KELP,2016,29,0.0,0.0,0.0,0.0,2018,1,2019.0,29.0,0.0,0.0,2017.0,-89.8828125
-1,63000,KELP,2016,29,0.0,0.0,0.0,0.0,2018,4,2019.0,29.0,0.0,0.0,2017.0,-88.6171875
-1,63100,KELP,2016,25,0.0,0.0,0.0,0.0,2020,26,0.0,0.0,0.0,0.0,2018.0,-78.11328125
-1,63200,KELP,2016,28,0.0,0.0,0.0,0.0,2020,28,0.0,0.0,0.0,0.0,2018.0,-77.296875
-1,63300,KELP,2016,32,0.0,0.0,0.0,0.0,2019,2,2020.0,30.0,0.0,0.0,2017.5,-80.109375
-1,63400,KELP,2018,3,2016.0,26.0,0.0,0.0,2020,26,0.0,0.0,0.0,0.0,2019.0,-78.7109375
-1,63500,KELP,2016,22,0.0,0.0,0.0,0.0,2019,20,0.0,0.0,0.0,0.0,2017.5,-82.22265625
-1,63600,KELP,2018,1,2016.0,21.0,0.0,0.0,2019,21,0.0,0.0,0.0,0.0,2018.5,-84.30859375
-1,63700,KELP,2017,8,2016.0,30.0,0.0,0.0,2019,2,2020.0,28.0,0.0,0.0,2018.0,-80.13671875
-1,63800,KELP,2016,21,0.0,0.0,0.0,0.0,2018,7,2020.0,22.0,0.0,0.0,2017.0,-77.7109375
-1,63900,KELP,2016,21,0.0,0.0,0.0,0.0,2018,6,2020.0,21.0,0.0,0.0,2017.0,-81.19921875
-1,64000,KELP,2016,30,0.0,0.0,0.0,0.0,2019,30,0.0,0.0,0.0,0.0,2017.5,-83.43359375
-1,64100,KELP,2016,27,0.0,0.0,0.0,0.0,2019,27,0.0,0.0,0.0,0.0,2017.5,-83.421875
-1,64200,KELP,2015,25,0.0,0.0,0.0,0.0,2018,25,0.0,0.0,0.0,0.0,2016.5,-106.671875
-1,64300,KELP,2015,23,0.0,0.0,0.0,0.0,2018,23,0.0,0.0,0.0,0.0,2016.5,-112.5078125
-1,64400,KELP,2015,31,0.0,0.0,0.0,0.0,2018,29,0.0,0.0,0.0,0.0,2016.5,-111.015625
-1,64500,KELP,2015,29,0.0,0.0,0.0,0.0,2017,6,2018.0,29.0,0.0,0.0,2016.0,-108.8515625
-1,64600,KELP,2015,26,0.0,0.0,0.0,0.0,2018,26,0.0,0.0,0.0,0.0,2016.5,-111.21484375
-1,64700,KELP,2015,28,0.0,0.0,0.0,0.0,2018,28,0.0,0.0,0.0,0.0,2016.5,-118.05078125
-1,64800,KELP,2015,2,2014.0,30.0,0.0,0.0,2018,32,0.0,0.0,0.0,0.0,2016.5,-118.55078125
-1,64900,KELP,2015,31,0.0,0.0,0.0,0.0,2017,3,2018.0,31.0,0.0,0.0,2016.0,-118.0546875
-1,65000,KELP,2015,25,0.0,0.0,0.0,0.0,2018,25,0.0,0.0,0.0,0.0,2016.5,-110.5859375
-1,65100,KELP,2015,25,0.0,0.0,0.0,0.0,2018,25,0.0,0.0,0.0,0.0,2016.5,-113.10546875
-1,65200,KELP,2017,1,2015.0,29.0,0.0,0.0,2019,29,0.0,0.0,0.0,0.0,2018.0,-100.93359375
-1,65300,KELP,2015,21,0.0,0.0,0.0,0.0,2017,2,2018.0,21.0,0.0,0.0,2016.0,-108.8515625
-1,65400,KELP,2015,28,0.0,0.0,0.0,0.0,2016,3,2018.0,28.0,0.0,0.0,2015.5,-106.53515625
-1,65500,KELP,2015,36,0.0,0.0,0.0,0.0,2018,29,0.0,0.0,0.0,0.0,2016.5,-111.27734375
-1,65600,KELP,2015,20,0.0,0.0,0.0,0.0,2019,20,0.0,0.0,0.0,0.0,2017.0,-103.88671875
-1,65700,KELP,2014,29,0.0,0.0,0.0,0.0,2018,29,0.0,0.0,0.0,0.0,2016.0,-119.41015625
-1,65800,KELP,2015,20,0.0,0.0,0.0,0.0,2017,7,2018.0,20.0,0.0,0.0,2016.0,-117.2734375
-1,65900,KELP,2015,29,0.0,0.0,0.0,0.0,2018,24,0.0,0.0,0.0,0.0,2016.5,-112.75390625
-1,66000,KELP,2015,24,0.0,0.0,0.0,0.0,2018,24,0.0,0.0,0.0,0.0,2016.5,-112.26171875
-1,66100,KELP,2015,27,0.0,0.0,0.0,0.0,2018,27,0.0,0.0,0.0,0.0,2016.5,-109.70703125
-1,66200,KELP,2016,5,2015.0,20.0,0.0,0.0,2019,20,0.0,0.0,0.0,0.0,2017.5,-100.3046875
-1,66300,KELP,2018,1,2016.0,2.0,2015.0,25.0,2019,25,0.0,0.0,0.0,0.0,2018.5,-98.20703125
-1,66400,KELP,2015,21,0.0,0.0,0.0,0.0,2019,21,0.0,0.0,0.0,0.0,2017.0,-96.1484375
-1,66500,KELP,2015,22,0.0,0.0,0.0,0.0,2019,22,0.0,0.0,0.0,0.0,2017.0,-97.55078125
-1,66600,KELP,2015,22,0.0,0.0,0.0,0.0,2017,3,2019.0,22.0,0.0,0.0,2016.0,-102.890625
-1,66700,KELP,2014,27,0.0,0.0,0.0,0.0,2018,27,0.0,0.0,0.0,0.0,2016.0,-123.3046875
-1,66800,KELP,2014,30,0.0,0.0,0.0,0.0,2018,30,0.0,0.0,0.0,0.0,2016.0,-121.0390625
-1,66900,KELP,2017,1,2015.0,4.0,2014.0,23.0,2018,23,0.0,0.0,0.0,0.0,2017.5,-119.87890625
-1,67000,KELP,2015,25,0.0,0.0,0.0,0.0,2018,25,0.0,0.0,0.0,0.0,2016.5,-115.890625
-1,67100,KELP,2015,23,0.0,0.0,0.0,0.0,2018,23,0.0,0.0,0.0,0.0,2016.5,-117.53515625
-1,67200,KELP,2015,21,0.0,0.0,0.0,0.0,2018,22,0.0,0.0,0.0,0.0,2016.5,-113.015625
-1,67300,KELP,2015,31,0.0,0.0,0.0,0.0,2018,30,0.0,0.0,0.0,0.0,2016.5,-111.8125
-1,67400,KELP,2015,26,0.0,0.0,0.0,0.0,2018,26,0.0,0.0,0.0,0.0,2016.5,-105.05859375
-1,67500,KELP,2015,20,0.0,0.0,0.0,0.0,2018,21,0.0,0.0,0.0,0.0,2016.5,-106.91015625
-1,67600,KELP,2015,27,0.0,0.0,0.0,0.0,2018,27,0.0,0.0,0.0,0.0,2016.5,-108.10546875
-1,67700,KELP,2015,33,0.0,0.0,0.0,0.0,2018,30,0.0,0.0,0.0,0.0,2016.5,-106.2421875
-1,67800,KELP,2015,38,0.0,0.0,0.0,0.0,2018,30,0.0,0.0,0.0,0.0,2016.5,-114.2890625
-1,67900,KELP,2015,25,0.0,0.0,0.0,0.0,2018,25,0.0,0.0,0.0,0.0,2016.5,-107.09375
-1,68000,KELP,2015,23,0.0,0.0,0.0,0.0,2018,23,0.0,0.0,0.0,0.0,2016.5,-106.15234375
-1,68100,KELP,2015,31,0.0,0.0,0.0,0.0,2017,4,2018.0,31.0,0.0,0.0,2016.0,-117.39453125
-1,68200,KELP,2017,1,2015.0,31.0,0.0,0.0,2018,31,0.0,0.0,0.0,0.0,2017.5,-112.05859375
-1,68300,KELP,2017,1,2015.0,29.0,0.0,0.0,2018,29,0.0,0.0,0.0,0.0,2017.5,-114.7109375
-1,68400,KELP,2015,28,0.0,0.0,0.0,0.0,2018,28,0.0,0.0,0.0,0.0,2016.5,-111.2109375
-1,68500,KELP,2015,23,0.0,0.0,0.0,0.0,2018,23,0.0,0.0,0.0,0.0,2016.5,-109.24609375
-1,68600,KELP,2015,24,0.0,0.0,0.0,0.0,2018,25,0.0,0.0,0.0,0.0,2016.5,-110.0703125
-1,68700,KELP,2015,28,0.0,0.0,0.0,0.0,2018,28,0.0,0.0,0.0,0.0,2016.5,-106.17578125
-1,68800,KELP,2015,22,0.0,0.0,0.0,0.0,2018,22,0.0,0.0,0.0,0.0,2016.5,-109.01171875
-1,68900,KELP,2017,1,2015.0,28.0,0.0,0.0,2018,28,0.0,0.0,0.0,0.0,2017.5,-118.14453125
-1,69000,KELP,2015,30,0.0,0.0,0.0,0.0,2018,30,0.0,0.0,0.0,0.0,2016.5,-108.03125
-1,69100,KELP,2015,30,0.0,0.0,0.0,0.0,2018,31,0.0,0.0,0.0,0.0,2016.5,-112.484375
-1,69200,KELP,2017,3,2015.0,30.0,0.0,0.0,2018,30,0.0,0.0,0.0,0.0,2017.5,-113.390625
-1,69300,KELP,2017,1,2015.0,21.0,0.0,0.0,2018,21,0.0,0.0,0.0,0.0,2017.5,-114.58203125
-1,69400,KELP,2015,26,0.0,0.0,0.0,0.0,2018,26,0.0,0.0,0.0,0.0,2016.5,-113.65625
-1,69500,KELP,2015,32,0.0,0.0,0.0,0.0,2018,26,0.0,0.0,0.0,0.0,2016.5,-112.75
-1,69600,KELP,2015,22,0.0,0.0,0.0,0.0,2018,23,0.0,0.0,0.0,0.0,2016.5,-112.98828125
-1,69700,KELP,2015,21,0.0,0.0,0.0,0.0,2018,21,0.0,0.0,0.0,0.0,2016.5,-112.96484375
-1,69800,KELP,2015,24,0.0,0.0,0.0,0.0,2018,24,0.0,0.0,0.0,0.0,2016.5,-106.9921875
-1,69900,KELP,2015,29,0.0,0.0,0.0,0.0,2018,29,0.0,0.0,0.0,0.0,2016.5,-107.73046875
-1,70000,KELP,2015,29,0.0,0.0,0.0,0.0,2018,29,0.0,0.0,0.0,0.0,2016.5,-110.81640625
-1,70100,KELP,2015,23,0.0,0.0,0.0,0.0,2018,2,2019.0,22.0,0.0,0.0,2016.5,-103.28515625
-1,70200,KELP,2015,22,0.0,0.0,0.0,0.0,2018,22,0.0,0.0,0.0,0.0,2016.5,-107.890625
-1,70300,KELP,2015,26,0.0,0.0,0.0,0.0,2018,26,0.0,0.0,0.0,0.0,2016.5,-114.0703125
-1,70400,KELP,2015,26,0.0,0.0,0.0,0.0,2017,6,2018.0,26.0,0.0,0.0,2016.0,-117.73828125
-1,70500,KELP,2015,23,0.0,0.0,0.0,0.0,2016,3,2017.0,3.0,2018.0,23.0,2015.5,-113.03125
-1,70600,KELP,2015,34,0.0,0.0,0.0,0.0,2018,28,0.0,0.0,0.0,0.0,2016.5,-105.453125
-1,70700,KELP,2015,26,0.0,0.0,0.0,0.0,2018,26,0.0,0.0,0.0,0.0,2016.5,-114.62109375
-1,70800,KELP,2015,26,0.0,0.0,0.0,0.0,2018,27,0.0,0.0,0.0,0.0,2016.5,-111.4140625
-1,70900,KELP,2015,32,0.0,0.0,0.0,0.0,2018,32,0.0,0.0,0.0,0.0,2016.5,-110.9296875
-1,71000,KELP,2015,30,0.0,0.0,0.0,0.0,2018,30,0.0,0.0,0.0,0.0,2016.5,-111.875
-1,71100,KELP,2015,22,0.0,0.0,0.0,0.0,2018,22,0.0,0.0,0.0,0.0,2016.5,-111.1953125
-1,71200,KELP,2015,28,0.0,0.0,0.0,0.0,2018,29,0.0,0.0,0.0,0.0,2016.5,-111.94140625
-1,71300,KELP,2015,28,0.0,0.0,0.0,0.0,2017,4,2018.0,28.0,0.0,0.0,2016.0,-115.78125
-1,71400,KELP,2015,26,0.0,0.0,0.0,0.0,2018,26,0.0,0.0,0.0,0.0,2016.5,-116.99609375
-1,71500,KELP,2015,25,0.0,0.0,0.0,0.0,2018,28,0.0,0.0,0.0,0.0,2016.5,-109.48828125
-1,71600,KELP,2014,28,0.0,0.0,0.0,0.0,2018,28,0.0,0.0,0.0,0.0,2016.0,-122.91015625
-1,71700,KELP,2014,31,0.0,0.0,0.0,0.0,2016,4,2018.0,31.0,0.0,0.0,2015.0,-122.4375
-1,71800,KELP,2014,27,0.0,0.0,0.0,0.0,2018,27,0.0,0.0,0.0,0.0,2016.0,-122.21875
-1,71900,KELP,2014,26,0.0,0.0,0.0,0.0,2018,26,0.0,0.0,0.0,0.0,2016.0,-125.3203125
-1,72000,KELP,2015,21,0.0,0.0,0.0,0.0,2017,6,2018.0,21.0,0.0,0.0,2016.0,-111.98046875
-1,72100,KELP,2014,21,0.0,0.0,0.0,0.0,2016,5,2018.0,21.0,0.0,0.0,2015.0,-121.55078125
-1,72200,KELP,2016,3,2014.0,31.0,0.0,0.0,2018,31,0.0,0.0,0.0,0.0,2017.0,-125.1796875
-1,72300,KELP,2014,23,0.0,0.0,0.0,0.0,2018,23,0.0,0.0,0.0,0.0,2016.0,-121.1171875
-1,72400,KELP,2014,22,0.0,0.0,0.0,0.0,2016,6,2018.0,22.0,0.0,0.0,2015.0,-124.078125
-1,72500,KELP,2014,34,0.0,0.0,0.0,0.0,2017,27,0.0,0.0,0.0,0.0,2015.5,-131.69140625
-1,72600,KELP,2014,35,0.0,0.0,0.0,0.0,2015,4,2017.0,29.0,0.0,0.0,2014.5,-129.03125
-1,72700,KELP,2014,23,0.0,0.0,0.0,0.0,2017,23,0.0,0.0,0.0,0.0,2015.5,-131.16015625
-1,72800,KELP,2014,20,0.0,0.0,0.0,0.0,2017,20,0.0,0.0,0.0,0.0,2015.5,-130.47265625
-1,72900,KELP,2014,24,0.0,0.0,0.0,0.0,2017,24,0.0,0.0,0.0,0.0,2015.5,-131.31640625
-1,73000,KELP,2014,21,0.0,0.0,0.0,0.0,2016,2,2017.0,22.0,0.0,0.0,2015.0,-131.17578125
-1,73100,KELP,2014,31,0.0,0.0,0.0,0.0,2017,31,0.0,0.0,0.0,0.0,2015.5,-135.015625
-1,73200,KELP,2014,21,0.0,0.0,0.0,0.0,2017,21,0.0,0.0,0.0,0.0,2015.5,-137.6484375
-1,73300,KELP,2014,30,0.0,0.0,0.0,0.0,2017,30,0.0,0.0,0.0,0.0,2015.5,-140.21484375
-1,73400,KELP,2014,30,0.0,0.0,0.0,0.0,2016,4,2017.0,30.0,0.0,0.0,2015.0,-138.1328125
-1,73500,KELP,2014,25,0.0,0.0,0.0,0.0,2017,25,0.0,0.0,0.0,0.0,2015.5,-136.51171875
-1,73600,KELP,2014,25,0.0,0.0,0.0,0.0,2017,25,0.0,0.0,0.0,0.0,2015.5,-136.03125
-1,73700,KELP,2014,24,0.0,0.0,0.0,0.0,2017,24,0.0,0.0,0.0,0.0,2015.5,-129.0078125
-1,73800,KELP,2014,24,0.0,0.0,0.0,0.0,2016,5,2018.0,24.0,0.0,0.0,2015.0,-121.5703125
-1,73900,KELP,2015,27,0.0,0.0,0.0,0.0,2018,30,0.0,0.0,0.0,0.0,2016.5,-107.5390625
-1,74000,KELP,2015,26,0.0,0.0,0.0,0.0,2017,3,2018.0,26.0,0.0,0.0,2016.0,-115.8671875
-1,74100,KELP,2016,6,2015.0,32.0,0.0,0.0,2018,32,0.0,0.0,0.0,0.0,2017.0,-115.6875
-1,74200,KELP,2015,22,0.0,0.0,0.0,0.0,2018,22,0.0,0.0,0.0,0.0,2016.5,-114.19140625
-1,74300,KELP,2015,5,2014.0,32.0,0.0,0.0,2018,32,0.0,0.0,0.0,0.0,2016.5,-124.421875
-1,74400,KELP,2015,30,0.0,0.0,0.0,0.0,2018,30,0.0,0.0,0.0,0.0,2016.5,-114.34375
-1,74500,KELP,2016,3,2014.0,29.0,0.0,0.0,2018,29,0.0,0.0,0.0,0.0,2017.0,-118.76171875
-1,74600,KELP,2014,29,0.0,0.0,0.0,0.0,2018,29,0.0,0.0,0.0,0.0,2016.0,-119.9609375
-1,74700,KELP,2014,32,0.0,0.0,0.0,0.0,2018,32,0.0,0.0,0.0,0.0,2016.0,-122.83984375
-1,74800,KELP,2014,26,0.0,0.0,0.0,0.0,2018,26,0.0,0.0,0.0,0.0,2016.0,-121.46875
-1,74900,KELP,2015,31,0.0,0.0,0.0,0.0,2018,31,0.0,0.0,0.0,0.0,2016.5,-117.78515625
-1,75000,KELP,2016,1,2014.0,27.0,0.0,0.0,2017,27,0.0,0.0,0.0,0.0,2016.5,-130.65625
-1,75100,KELP,2014,30,0.0,0.0,0.0,0.0,2017,30,0.0,0.0,0.0,0.0,2015.5,-128.17578125
-1,75200,KELP,2016,3,2014.0,26.0,0.0,0.0,2017,2,2018.0,24.0,0.0,0.0,2016.5,-126.2578125
-1,75300,KELP,2014,29,0.0,0.0,0.0,0.0,2017,29,0.0,0.0,0.0,0.0,2015.5,-129.13671875
-1,75400,KELP,2014,31,0.0,0.0,0.0,0.0,2017,31,0.0,0.0,0.0,0.0,2015.5,-132.546875
-1,75500,KELP,2014,34,0.0,0.0,0.0,0.0,2017,30,0.0,0.0,0.0,0.0,2015.5,-132.10546875
-1,75600,KELP,2014,28,0.0,0.0,0.0,0.0,2017,28,0.0,0.0,0.0,0.0,2015.5,-128.203125
-1,75700,KELP,2014,27,0.0,0.0,0.0,0.0,2016,3,2017.0,27.0,0.0,0.0,2015.0,-130.625
-1,75800,KELP,2014,30,0.0,0.0,0.0,0.0,2017,30,0.0,0.0,0.0,0.0,2015.5,-128.046875
-1,75900,KELP,2014,21,0.0,0.0,0.0,0.0,2018,21,0.0,0.0,0.0,0.0,2016.0,-125.1796875
-1,76000,KELP,2015,32,0.0,0.0,0.0,0.0,2018,32,0.0,0.0,0.0,0.0,2016.5,-113.109375
-1,76100,KELP,2015,21,0.0,0.0,0.0,0.0,2018,21,0.0,0.0,0.0,0.0,2016.5,-117.30859375
-1,76200,KELP,2014,22,0.0,0.0,0.0,0.0,2018,22,0.0,0.0,0.0,0.0,2016.0,-121.7578125
-1,76300,KELP,2015,6,2014.0,27.0,0.0,0.0,2018,27,0.0,0.0,0.0,0.0,2016.5,-124.47265625
-1,76400,KELP,2014,28,0.0,0.0,0.0,0.0,2018,28,0.0,0.0,0.0,0.0,2016.0,-124.51953125
-1,76500,KELP,2014,7,2013.0,27.0,0.0,0.0,2017,28,0.0,0.0,0.0,0.0,2015.5,-142.5703125
-1,76600,KELP,2014,30,0.0,0.0,0.0,0.0,2017,30,0.0,0.0,0.0,0.0,2015.5,-136.87890625
-1,76700,KELP,2014,26,0.0,0.0,0.0,0.0,2016,4,2017.0,26.0,0.0,0.0,2015.0,-135.90625
-1,76800,KELP,2014,25,0.0,0.0,0.0,0.0,2017,25,0.0,0.0,0.0,0.0,2015.5,-139.875
-1,76900,KELP,2013,24,0.0,0.0,0.0,0.0,2014,6,2017.0,24.0,0.0,0.0,2013.5,-150.3984375
-1,77000,KELP,2013,27,0.0,0.0,0.0,0.0,2016,27,0.0,0.0,0.0,0.0,2014.5,-150.6484375
-1,77100,KELP,2015,2,2014.0,3.0,2013.0,30.0,2016,30,0.0,0.0,0.0,0.0,2015.5,-152.515625
-1,77200,KELP,2012,28,0.0,0.0,0.0,0.0,2014,7,2016.0,28.0,0.0,0.0,2013.0,-169.94140625
-1,77300,KELP,2012,24,0.0,0.0,0.0,0.0,2015,24,0.0,0.0,0.0,0.0,2013.5,-176.63671875
-1,77400,KELP,2012,30,0.0,0.0,0.0,0.0,2016,30,0.0,0.0,0.0,0.0,2014.0,-172.63671875
-1,77500,KELP,2012,30,0.0,0.0,0.0,0.0,2015,30,0.0,0.0,0.0,0.0,2013.5,-183.02734375
-1,77600,KELP,2012,30,0.0,0.0,0.0,0.0,2015,27,0.0,0.0,0.0,0.0,2013.5,-176.68359375
-1,77700,KELP,2013,26,0.0,0.0,0.0,0.0,2016,26,0.0,0.0,0.0,0.0,2014.5,-157.06640625
-1,77800,KELP,2013,26,0.0,0.0,0.0,0.0,2015,2,2016.0,26.0,0.0,0.0,2014.0,-159.89453125
-1,77900,KELP,2013,39,0.0,0.0,0.0,0.0,2016,32,0.0,0.0,0.0,0.0,2014.5,-157.40625
-1,78000,KELP,2013,30,0.0,0.0,0.0,0.0,2016,23,0.0,0.0,0.0,0.0,2014.5,-158.20703125
-1,78100,KELP,2013,23,0.0,0.0,0.0,0.0,2014,3,2016.0,24.0,0.0,0.0,2013.5,-150.75390625
-1,78200,KELP,2013,27,0.0,0.0,0.0,0.0,2015,2,2016.0,27.0,0.0,0.0,2014.0,-158.671875
-1,78300,KELP,2012,30,0.0,0.0,0.0,0.0,2016,30,0.0,0.0,0.0,0.0,2014.0,-167.4765625
-1,78400,KELP,2012,26,0.0,0.0,0.0,0.0,2014,5,2016.0,26.0,0.0,0.0,2013.0,-175.0234375
-1,78500,KELP,2013,23,0.0,0.0,0.0,0.0,2016,23,0.0,0.0,0.0,0.0,2014.5,-161.8203125
-1,78600,KELP,2013,22,0.0,0.0,0.0,0.0,2016,22,0.0,0.0,0.0,0.0,2014.5,-157.3515625
-1,78700,KELP,2013,30,0.0,0.0,0.0,0.0,2016,32,0.0,0.0,0.0,0.0,2014.5,-155.7421875
-1,78800,KELP,2013,27,0.0,0.0,0.0,0.0,2016,23,0.0,0.0,0.0,0.0,2014.5,-155.71875
-1,78900,KELP,2015,1,2013.0,26.0,0.0,0.0,2016,26,0.0,0.0,0.0,0.0,2015.5,-154.171875
-1,79000,KELP,2013,25,0.0,0.0,0.0,0.0,2015,3,2016.0,28.0,0.0,0.0,2014.0,-154.22265625
-1,79100,KELP,2013,23,0.0,0.0,0.0,0.0,2016,24,0.0,0.0,0.0,0.0,2014.5,-160.19140625
-1,79200,KELP,2013,21,0.0,0.0,0.0,0.0,2014,5,2015.0,2.0,2016.0,21.0,2013.5,-148.1171875
-1,79300,KELP,2014,4,2013.0,30.0,0.0,0.0,2017,30,0.0,0.0,0.0,0.0,2015.5,-143.0
-1,79400,KELP,2013,27,0.0,0.0,0.0,0.0,2016,2,2017.0,26.0,0.0,0.0,2014.5,-143.55859375
-1,79500,KELP,2013,26,0.0,0.0,0.0,0.0,2017,26,0.0,0.0,0.0,0.0,2015.0,-142.6796875
-1,79600,KELP,2013,25,0.0,0.0,0.0,0.0,2016,25,0.0,0.0,0.0,0.0,2014.5,-150.2734375
-1,79700,KELP,2012,24,0.0,0.0,0.0,0.0,2016,24,0.0,0.0,0.0,0.0,2014.0,-164.6953125
-1,79800,KELP,2013,21,0.0,0.0,0.0,0.0,2015,8,2016.0,21.0,0.0,0.0,2014.0,-160.83984375
-1,79900,KELP,2013,29,0.0,0.0,0.0,0.0,2016,30,0.0,0.0,0.0,0.0,2014.5,-152.2578125
-1,80000,KELP,2013,32,0.0,0.0,0.0,0.0,2016,32,0.0,0.0,0.0,0.0,2014.5,-157.63671875
-1,80100,KELP,2014,4,2012.0,29.0,0.0,0.0,2016,29,0.0,0.0,0.0,0.0,2015.0,-166.32421875
-1,80200,KELP,2012,28,0.0,0.0,0.0,0.0,2016,28,0.0,0.0,0.0,0.0,2014.0,-163.95703125
-1,80300,KELP,2013,27,0.0,0.0,0.0,0.0,2016,27,0.0,0.0,0.0,0.0,2014.5,-158.6875
-1,80400,KELP,2012,26,0.0,0.0,0.0,0.0,2016,26,0.0,0.0,0.0,0.0,2014.0,-167.13671875
-1,80500,KELP,2012,28,0.0,0.0,0.0,0.0,2014,6,2016.0,28.0,0.0,0.0,2013.0,-165.9453125
-1,80600,KELP,2014,4,2013.0,2.0,2012.0,24.0,2016,26,0.0,0.0,0.0,0.0,2015.0,-163.59765625
-1,80700,KELP,2012,31,0.0,0.0,0.0,0.0,2016,31,0.0,0.0,0.0,0.0,2014.0,-166.828125
-1,80800,KELP,2015,1,2013.0,35.0,0.0,0.0,2016,30,0.0,0.0,0.0,0.0,2015.5,-161.24609375
-1,80900,KELP,2013,4,2012.0,21.0,0.0,0.0,2016,21,0.0,0.0,0.0,0.0,2014.5,-164.71875
-1,81000,KELP,2012,29,0.0,0.0,0.0,0.0,2016,29,0.0,0.0,0.0,0.0,2014.0,-164.421875
-1,81100,KELP,2015,1,2013.0,1.0,2012.0,25.0,2016,26,0.0,0.0,0.0,0.0,2015.5,-163.24609375
-1,81200,KELP,2015,1,2013.0,22.0,0.0,0.0,2016,22,0.0,0.0,0.0,0.0,2015.5,-156.76171875
-1,81300,KELP,2013,31,0.0,0.0,0.0,0.0,2016,31,0.0,0.0,0.0,0.0,2014.5,-153.48828125
-1,81400,KELP,2013,26,0.0,0.0,0.0,0.0,2015,7,2016.0,1.0,2017.0,25.0,2014.0,-145.02734375
-1,81500,KELP,2014,6,2013.0,25.0,0.0,0.0,2017,25,0.0,0.0,0.0,0.0,2015.5,-142.671875
-1,81600,KELP,2013,26,0.0,0.0,0.0,0.0,2016,26,0.0,0.0,0.0,0.0,2014.5,-153.73046875
-1,81700,KELP,2013,30,0.0,0.0,0.0,0.0,2016,24,0.0,0.0,0.0,0.0,2014.5,-156.33984375
-1,81800,KELP,2014,25,0.0,0.0,0.0,0.0,2017,25,0.0,0.0,0.0,0.0,2015.5,-124.83984375
-1,81900,KELP,2014,30,0.0,0.0,0.0,0.0,2017,30,0.0,0.0,0.0,0.0,2015.5,-120.78515625
-1,82000,KELP,2014,22,0.0,0.0,0.0,0.0,2018,22,0.0,0.0,0.0,0.0,2016.0,-105.25
-1,82100,KELP,2015,27,0.0,0.0,0.0,0.0,2018,27,0.0,0.0,0.0,0.0,2016.5,-104.0703125
-1,82200,KELP,2015,25,0.0,0.0,0.0,0.0,2018,25,0.0,0.0,0.0,0.0,2016.5,-95.85546875
-1,82300,KELP,2015,28,0.0,0.0,0.0,0.0,2018,28,0.0,0.0,0.0,0.0,2016.5,-88.82421875
-1,82400,KELP,2015,21,0.0,0.0,0.0,0.0,2018,21,0.0,0.0,0.0,0.0,2016.5,-95.03125
-1,82500,KELP,2015,22,0.0,0.0,0.0,0.0,2018,23,0.0,0.0,0.0,0.0,2016.5,-92.15625
-1,82600,KELP,2015,27,0.0,0.0,0.0,0.0,2016,3,2017.0,7.0,2018.0,2.0,2015.5,-87.984375
-1,82700,KELP,2015,22,0.0,0.0,0.0,0.0,2018,1,2019.0,21.0,0.0,0.0,2016.5,-85.97265625
-1,82800,KELP,2015,22,0.0,0.0,0.0,0.0,2018,22,0.0,0.0,0.0,0.0,2016.5,-88.96484375
-1,82900,KELP,2015,21,0.0,0.0,0.0,0.0,2019,21,0.0,0.0,0.0,0.0,2017.0,-82.4375
-1,83000,KELP,2015,25,0.0,0.0,0.0,0.0,2018,1,2019.0,24.0,0.0,0.0,2016.5,-87.86328125
-1,83100,KELP,2016,4,2015.0,29.0,0.0,0.0,2018,2,2019.0,27.0,0.0,0.0,2017.0,-86.48046875
-1,83200,KELP,2015,27,0.0,0.0,0.0,0.0,2019,27,0.0,0.0,0.0,0.0,2017.0,-81.0546875
-1,83300,KELP,2016,26,0.0,0.0,0.0,0.0,2019,26,0.0,0.0,0.0,0.0,2017.5,-60.3671875
-1,83400,KELP,2016,28,0.0,0.0,0.0,0.0,2020,28,0.0,0.0,0.0,0.0,2018.0,-56.0
-1,83500,KELP,2017,27,0.0,0.0,0.0,0.0,2020,27,0.0,0.0,0.0,0.0,2018.5,-43.89453125
-1,83600,KELP,2017,23,0.0,0.0,0.0,0.0,2020,23,0.0,0.0,0.0,0.0,2018.5,-41.11328125
-1,83700,KELP,2016,25,0.0,0.0,0.0,0.0,2017,1,2020.0,25.0,0.0,0.0,2016.5,-51.19921875
-1,83800,KELP,2016,30,0.0,0.0,0.0,0.0,2019,30,0.0,0.0,0.0,0.0,2017.5,-58.35546875
-1,83900,KELP,2016,27,0.0,0.0,0.0,0.0,2019,27,0.0,0.0,0.0,0.0,2017.5,-58.8125
-1,84000,KELP,2018,1,2016.0,29.0,0.0,0.0,2019,25,0.0,0.0,0.0,0.0,2018.5,-63.27734375
-1,84100,KELP,2015,21,0.0,0.0,0.0,0.0,2019,21,0.0,0.0,0.0,0.0,2017.0,-79.96484375
-1,84200,KELP,2016,34,0.0,0.0,0.0,0.0,2019,29,0.0,0.0,0.0,0.0,2017.5,-69.5625
-1,84300,KELP,2016,32,0.0,0.0,0.0,0.0,2019,32,0.0,0.0,0.0,0.0,2017.5,-72.15234375
-1,84400,KELP,2016,20,0.0,0.0,0.0,0.0,2019,20,0.0,0.0,0.0,0.0,2017.5,-75.6484375
-1,84500,KELP,2016,4,2015.0,24.0,0.0,0.0,2019,24,0.0,0.0,0.0,0.0,2017.5,-82.35546875
-1,84600,KELP,2017,1,2015.0,25.0,0.0,0.0,2018,25,0.0,0.0,0.0,0.0,2017.5,-92.86328125
-1,84700,KELP,2015,30,0.0,0.0,0.0,0.0,2018,30,0.0,0.0,0.0,0.0,2016.5,-95.13671875
-1,84800,KELP,2015,33,0.0,0.0,0.0,0.0,2018,30,0.0,0.0,0.0,0.0,2016.5,-90.9140625
-1,84900,KELP,2015,29,0.0,0.0,0.0,0.0,2017,1,2019.0,29.0,0.0,0.0,2016.0,-85.39453125
-1,85000,KELP,2015,24,0.0,0.0,0.0,0.0,2018,24,0.0,0.0,0.0,0.0,2016.5,-96.4296875
-1,85100,KELP,2015,26,0.0,0.0,0.0,0.0,2018,26,0.0,0.0,0.0,0.0,2016.5,-90.94921875
-1,85200,KELP,2015,24,0.0,0.0,0.0,0.0,2018,2,2019.0,22.0,0.0,0.0,2016.5,-88.21484375
-1,85300,KELP,2016,2,2015.0,23.0,0.0,0.0,2019,23,0.0,0.0,0.0,0.0,2017.5,-84.26171875
-1,85400,KELP,2016,4,2015.0,22.0,0.0,0.0,2019,22,0.0,0.0,0.0,0.0,2017.5,-82.73046875
-1,85500,KELP,2016,2,2015.0,28.0,0.0,0.0,2019,30,0.0,0.0,0.0,0.0,2017.5,-77.5234375
-1,85600,KELP,2017,4,2015.0,29.0,0.0,0.0,2018,22,0.0,0.0,0.0,0.0,2017.5,-89.203125
-1,85700,KELP,2015,28,0.0,0.0,0.0,0.0,2018,28,0.0,0.0,0.0,0.0,2016.5,-92.73828125
-1,85800,KELP,2015,30,0.0,0.0,0.0,0.0,2016,6,2018.0,31.0,0.0,0.0,2015.5,-97.41796875
-1,85900,KELP,2014,31,0.0,0.0,0.0,0.0,2018,31,0.0,0.0,0.0,0.0,2016.0,-111.7109375
-1,86000,KELP,2016,5,2015.0,26.0,0.0,0.0,2018,26,0.0,0.0,0.0,0.0,2017.0,-102.6171875
-1,86100,KELP,2015,27,0.0,0.0,0.0,0.0,2018,27,0.0,0.0,0.0,0.0,2016.5,-96.875
-1,86200,KELP,2015,21,0.0,0.0,0.0,0.0,2018,24,0.0,0.0,0.0,0.0,2016.5,-94.0390625
-1,86300,KELP,2015,28,0.0,0.0,0.0,0.0,2018,28,0.0,0.0,0.0,0.0,2016.5,-93.08203125
-1,86400,KELP,2015,34,0.0,0.0,0.0,0.0,2018,1,2019.0,30.0,0.0,0.0,2016.5,-87.8359375
-1,86500,KELP,2015,27,0.0,0.0,0.0,0.0,2018,27,0.0,0.0,0.0,0.0,2016.5,-92.41015625
-1,86600,KELP,2015,25,0.0,0.0,0.0,0.0,2017,1,2018.0,25.0,0.0,0.0,2016.0,-92.109375
-1,86700,KELP,2016,1,2015.0,21.0,0.0,0.0,2017,3,2018.0,21.0,0.0,0.0,2016.5,-91.4140625
-1,86800,KELP,2015,25,0.0,0.0,0.0,0.0,2019,25,0.0,0.0,0.0,0.0,2017.0,-84.03125
-1,86900,KELP,2017,2,2015.0,21.0,0.0,0.0,2018,21,0.0,0.0,0.0,0.0,2017.5,-93.4921875
-1,87000,KELP,2015,22,0.0,0.0,0.0,0.0,2019,22,0.0,0.0,0.0,0.0,2017.0,-78.421875
-1,87100,KELP,2015,4,2014.0,21.0,0.0,0.0,2018,21,0.0,0.0,0.0,0.0,2016.5,-112.5546875
-1,87200,KELP,2015,28,0.0,0.0,0.0,0.0,2018,28,0.0,0.0,0.0,0.0,2016.5,-105.22265625
-1,87300,KELP,2015,32,0.0,0.0,0.0,0.0,2018,32,0.0,0.0,0.0,0.0,2016.5,-104.30078125
-1,87400,KELP,2015,27,0.0,0.0,0.0,0.0,2018,28,0.0,0.0,0.0,0.0,2016.5,-105.171875
-1,87500,KELP,2014,30,0.0,0.0,0.0,0.0,2018,30,0.0,0.0,0.0,0.0,2016.0,-118.1328125
-1,87600,KELP,2014,23,0.0,0.0,0.0,0.0,2017,23,0.0,0.0,0.0,0.0,2015.5,-127.73828125
-1,87700,KELP,2013,20,0.0,0.0,0.0,0.0,2016,21,0.0,0.0,0.0,0.0,2014.5,-148.8125
-1,87800,KELP,2013,27,0.0,0.0,0.0,0.0,2017,27,0.0,0.0,0.0,0.0,2015.0,-139.984375
-1,87900,KELP,2013,24,0.0,0.0,0.0,0.0,2017,24,0.0,0.0,0.0,0.0,2015.0,-143.49609375
-1,88000,KELP,2013,27,0.0,0.0,0.0,0.0,2017,27,0.0,0.0,0.0,0.0,2015.0,-143.67578125
-1,88100,KELP,2014,27,0.0,0.0,0.0,0.0,2017,27,0.0,0.0,0.0,0.0,2015.5,-126.796875
-1,88200,KELP,2014,32,0.0,0.0,0.0,0.0,2017,24,0.0,0.0,0.0,0.0,2015.5,-120.36328125
-1,88300,KELP,2014,24,0.0,0.0,0.0,0.0,2017,25,0.0,0.0,0.0,0.0,2015.5,-122.96484375
-1,88400,KELP,2014,30,0.0,0.0,0.0,0.0,2016,8,2017.0,30.0,0.0,0.0,2015.0,-123.55078125
-1,88500,KELP,2013,28,0.0,0.0,0.0,0.0,2017,28,0.0,0.0,0.0,0.0,2015.0,-139.75390625
-1,88600,KELP,2013,23,0.0,0.0,0.0,0.0,2014,2,2015.0,5.0,2017.0,23.0,2013.5,-137.8359375
-1,88700,KELP,2013,25,0.0,0.0,0.0,0.0,2015,4,2017.0,25.0,0.0,0.0,2014.0,-139.3984375
-1,88800,KELP,2013,30,0.0,0.0,0.0,0.0,2014,2,2017.0,30.0,0.0,0.0,2013.5,-142.20703125
-1,88900,KELP,2013,24,0.0,0.0,0.0,0.0,2017,25,0.0,0.0,0.0,0.0,2015.0,-137.9296875
-1,89000,KELP,2014,22,0.0,0.0,0.0,0.0,2016,3,2017.0,22.0,0.0,0.0,2015.0,-130.0234375
-1,89100,KELP,2014,33,0.0,0.0,0.0,0.0,2017,27,0.0,0.0,0.0,0.0,2015.5,-123.83203125
-1,89200,KELP,2014,28,0.0,0.0,0.0,0.0,2016,5,2017.0,28.0,0.0,0.0,2015.0,-130.60546875
-1,89300,KELP,2014,28,0.0,0.0,0.0,0.0,2017,28,0.0,0.0,0.0,0.0,2015.5,-134.65234375
-1,89400,KELP,2013,20,0.0,0.0,0.0,0.0,2017,20,0.0,0.0,0.0,0.0,2015.0,-137.11328125
-1,89500,KELP,2014,31,0.0,0.0,0.0,0.0,2017,31,0.0,0.0,0.0,0.0,2015.5,-132.25390625
-1,89600,KELP,2014,25,0.0,0.0,0.0,0.0,2016,6,2017.0,1.0,2018.0,24.0,2015.0,-117.90625
-1,89700,KELP,2015,1,2014.0,30.0,0.0,0.0,2017,2,2018.0,28.0,0.0,0.0,2016.0,-116.65625
-1,89800,KELP,2014,23,0.0,0.0,0.0,0.0,2017,24,0.0,0.0,0.0,0.0,2015.5,-127.93359375
-1,89900,KELP,2014,23,0.0,0.0,0.0,0.0,2017,23,0.0,0.0,0.0,0.0,2015.5,-126.04296875
-1,90000,KELP,2014,29,0.0,0.0,0.0,0.0,2017,29,0.0,0.0,0.0,0.0,2015.5,-121.78125
-1,90100,KELP,2014,36,0.0,0.0,0.0,0.0,2017,28,0.0,0.0,0.0,0.0,2015.5,-118.625
-1,90200,KELP,2014,27,0.0,0.0,0.0,0.0,2017,23,0.0,0.0,0.0,0.0,2015.5,-122.24609375
-1,90300,KELP,2014,23,0.0,0.0,0.0,0.0,2017,23,0.0,0.0,0.0,0.0,2015.5,-121.33203125
-1,90400,KELP,2014,34,0.0,0.0,0.0,0.0,2017,28,0.0,0.0,0.0,0.0,2015.5,-132.29296875
-1,90500,KELP,2014,26,0.0,0.0,0.0,0.0,2017,26,0.0,0.0,0.0,0.0,2015.5,-125.82421875
-1,90600,KELP,2014,23,0.0,0.0,0.0,0.0,2017,23,0.0,0.0,0.0,0.0,2015.5,-119.40234375
-1,90700,KELP,2014,26,0.0,0.0,0.0,0.0,2017,2,2018.0,24.0,0.0,0.0,2015.5,-117.9453125
-1,90800,KELP,2014,25,0.0,0.0,0.0,0.0,2017,25,0.0,0.0,0.0,0.0,2015.5,-121.87109375
-1,90900,KELP,2017,1,2014.0,25.0,0.0,0.0,2018,25,0.0,0.0,0.0,0.0,2017.5,-108.3515625
-1,91000,KELP,2017,1,2014.0,30.0,0.0,0.0,2018,30,0.0,0.0,0.0,0.0,2017.5,-107.44921875
-1,91100,KELP,2015,23,0.0,0.0,0.0,0.0,2018,23,0.0,0.0,0.0,0.0,2016.5,-103.55859375
-1,91200,KELP,2015,22,0.0,0.0,0.0,0.0,2018,22,0.0,0.0,0.0,0.0,2016.5,-99.19140625
-1,91300,KELP,2015,23,0.0,0.0,0.0,0.0,2018,20,0.0,0.0,0.0,0.0,2016.5,-95.59375
-1,91400,KELP,2015,21,0.0,0.0,0.0,0.0,2018,21,0.0,0.0,0.0,0.0,2016.5,-97.7109375
-1,91500,KELP,2015,23,0.0,0.0,0.0,0.0,2018,23,0.0,0.0,0.0,0.0,2016.5,-90.71875
-1,91600,KELP,2016,2,2015.0,27.0,0.0,0.0,2018,27,0.0,0.0,0.0,0.0,2017.0,-91.984375
-1,91700,KELP,2017,5,2015.0,30.0,0.0,0.0,2018,2,2019.0,28.0,0.0,0.0,2017.5,-87.1875
-1,91800,KELP,2017,1,2015.0,26.0,0.0,0.0,2019,26,0.0,0.0,0.0,0.0,2018.0,-87.1875
-1,91900,KELP,2016,3,2015.0,30.0,0.0,0.0,2019,30,0.0,0.0,0.0,0.0,2017.5,-83.98828125
-1,92000,KELP,2015,28,0.0,0.0,0.0,0.0,2017,1,2019.0,28.0,0.0,0.0,2016.0,-86.546875
-1,92100,KELP,2015,28,0.0,0.0,0.0,0.0,2018,28,0.0,0.0,0.0,0.0,2016.5,-96.86328125
-1,92200,KELP,2015,23,0.0,0.0,0.0,0.0,2018,23,0.0,0.0,0.0,0.0,2016.5,-92.1953125
-1,92300,KELP,2015,26,0.0,0.0,0.0,0.0,2018,26,0.0,0.0,0.0,0.0,2016.5,-88.265625
-1,92400,KELP,2015,25,0.0,0.0,0.0,0.0,2018,25,0.0,0.0,0.0,0.0,2016.5,-91.90625
-1,92500,KELP,2015,23,0.0,0.0,0.0,0.0,2018,23,0.0,0.0,0.0,0.0,2016.5,-95.56640625
-1,92600,KELP,2017,1,2015.0,25.0,0.0,0.0,2018,25,0.0,0.0,0.0,0.0,2017.5,-91.91796875
-1,92700,KELP,2016,4,2015.0,29.0,0.0,0.0,2019,29,0.0,0.0,0.0,0.0,2017.5,-82.1328125
-1,92800,KELP,2016,2,2015.0,20.0,0.0,0.0,2019,22,0.0,0.0,0.0,0.0,2017.5,-78.17578125
-1,92900,KELP,2016,1,2015.0,26.0,0.0,0.0,2019,27,0.0,0.0,0.0,0.0,2017.5,-76.06640625
-1,93000,KELP,2016,27,0.0,0.0,0.0,0.0,2019,20,0.0,0.0,0.0,0.0,2017.5,-73.9921875
-1,93100,KELP,2018,3,2016.0,22.0,0.0,0.0,2019,1,2020.0,21.0,0.0,0.0,2018.5,-57.59765625
-1,93200,KELP,2017,21,0.0,0.0,0.0,0.0,2019,2,2020.0,21.0,0.0,0.0,2018.0,-45.0234375
-1,93300,KELP,2019,1,2017.0,29.0,0.0,0.0,2020,29,0.0,0.0,0.0,0.0,2019.5,-45.8125
-1,93400,KELP,2018,29,0.0,0.0,0.0,0.0,2021,29,0.0,0.0,0.0,0.0,2019.5,-1.9453125
-1,93500,KELP,2019,2,2018.0,26.0,0.0,0.0,2020,6,2021.0,1.0,2022.0,25.0,2019.5,1.66015625
-1,93600,KELP,2020,33,0.0,0.0,0.0,0.0,2023,29,0.0,0.0,0.0,0.0,2021.5,48.86328125
-1,93700,KELP,2019,25,0.0,0.0,0.0,0.0,2022,2,2023.0,23.0,0.0,0.0,2020.5,30.49609375
-1,93800,KELP,2020,35,0.0,0.0,0.0,0.0,2023,30,0.0,0.0,0.0,0.0,2021.5,46.50390625
-1,93900,KELP,2020,3,2019.0,28.0,0.0,0.0,2023,28,0.0,0.0,0.0,0.0,2021.5,39.77734375
-1,94000,KELP,2019,31,0.0,0.0,0.0,0.0,2022,31,0.0,0.0,0.0,0.0,2020.5,18.16015625
-1,94100,KELP,2019,33,0.0,0.0,0.0,0.0,2022,30,0.0,0.0,0.0,0.0,2020.5,16.5390625
-1,94200,KELP,2019,22,0.0,0.0,0.0,0.0,2023,22,0.0,0.0,0.0,0.0,2021.0,31.9765625
-1,94300,KELP,2020,1,2019.0,26.0,0.0,0.0,2023,26,0.0,0.0,0.0,0.0,2021.5,36.90234375
-1,94400,KELP,2020,29,0.0,0.0,0.0,0.0,2023,29,0.0,0.0,0.0,0.0,2021.5,41.58203125
-1,94500,KELP,2019,25,0.0,0.0,0.0,0.0,2023,25,0.0,0.0,0.0,0.0,2021.0,35.46875
-1,94600,KELP,2020,22,0.0,0.0,0.0,0.0,2023,22,0.0,0.0,0.0,0.0,2021.5,40.80859375
-1,94700,KELP,2020,21,0.0,0.0,0.0,0.0,2022,6,2023.0,21.0,0.0,0.0,2021.0,51.5390625
-1,94800,KELP,2020,28,0.0,0.0,0.0,0.0,2022,1,2023.0,28.0,0.0,0.0,2021.0,52.40625
-1,94900,KELP,2020,27,0.0,0.0,0.0,0.0,2023,27,0.0,0.0,0.0,0.0,2021.5,48.578125
-1,95000,KELP,2021,1,2019.0,22.0,0.0,0.0,2023,22,0.0,0.0,0.0,0.0,2022.0,32.65234375
-1,95100,KELP,2019,25,0.0,0.0,0.0,0.0,2022,25,0.0,0.0,0.0,0.0,2020.5,16.40625
-1,95200,KELP,2019,30,0.0,0.0,0.0,0.0,2022,30,0.0,0.0,0.0,0.0,2020.5,26.0546875
-1,95300,KELP,2019,24,0.0,0.0,0.0,0.0,2022,24,0.0,0.0,0.0,0.0,2020.5,22.95703125
-1,95400,KELP,2019,21,0.0,0.0,0.0,0.0,2022,21,0.0,0.0,0.0,0.0,2020.5,22.91796875
-1,95500,KELP,2019,27,0.0,0.0,0.0,0.0,2022,27,0.0,0.0,0.0,0.0,2020.5,13.359375
-1,95600,KELP,2018,29,0.0,0.0,0.0,0.0,2022,30,0.0,0.0,0.0,0.0,2020.0,2.5703125
-1,95700,KELP,2018,23,0.0,0.0,0.0,0.0,2020,6,2021.0,23.0,0.0,0.0,2019.0,-13.609375
-1,95800,KELP,2018,5,2017.0,21.0,0.0,0.0,2021,21,0.0,0.0,0.0,0.0,2019.5,-26.5
-1,95900,KELP,2017,23,0.0,0.0,0.0,0.0,2019,8,2020.0,23.0,0.0,0.0,2018.0,-34.859375
-1,96000,KELP,2016,24,0.0,0.0,0.0,0.0,2019,1,2020.0,23.0,0.0,0.0,2017.5,-57.00390625
-1,96100,KELP,2016,23,0.0,0.0,0.0,0.0,2019,23,0.0,0.0,0.0,0.0,2017.5,-67.6328125
-1,96200,KELP,2017,1,2016.0,24.0,0.0,0.0,2020,26,0.0,0.0,0.0,0.0,2018.5,-49.05859375
-1,96300,KELP,2016,26,0.0,0.0,0.0,0.0,2019,2,2020.0,25.0,0.0,0.0,2017.5,-56.64453125
-1,96400,KELP,2016,30,0.0,0.0,0.0,0.0,2020,30,0.0,0.0,0.0,0.0,2018.0,-47.56640625
-1,96500,KELP,2017,29,0.0,0.0,0.0,0.0,2020,29,0.0,0.0,0.0,0.0,2018.5,-39.515625
-1,96600,KELP,2017,24,0.0,0.0,0.0,0.0,2021,24,0.0,0.0,0.0,0.0,2019.0,-24.3203125
-1,96700,KELP,2018,32,0.0,0.0,0.0,0.0,2021,32,0.0,0.0,0.0,0.0,2019.5,-2.5703125
-1,96800,KELP,2019,8,2018.0,26.0,0.0,0.0,2022,27,0.0,0.0,0.0,0.0,2020.5,10.75390625
-1,96900,KELP,2018,26,0.0,0.0,0.0,0.0,2022,26,0.0,0.0,0.0,0.0,2020.0,1.84765625
-1,97000,KELP,2018,28,0.0,0.0,0.0,0.0,2021,28,0.0,0.0,0.0,0.0,2019.5,-7.390625
-1,97100,KELP,2018,28,0.0,0.0,0.0,0.0,2020,5,2021.0,28.0,0.0,0.0,2019.0,-2.4453125
-1,97200,KELP,2018,23,0.0,0.0,0.0,0.0,2019,3,2021.0,1.0,2022.0,22.0,2018.5,0.42578125
-1,97300,KELP,2018,24,0.0,0.0,0.0,0.0,2021,25,0.0,0.0,0.0,0.0,2019.5,-1.3046875
-1,97400,KELP,2018,27,0.0,0.0,0.0,0.0,2022,27,0.0,0.0,0.0,0.0,2020.0,6.8046875
-1,97500,KELP,2019,5,2018.0,22.0,0.0,0.0,2022,24,0.0,0.0,0.0,0.0,2020.5,11.0078125
-1,97600,KELP,2019,31,0.0,0.0,0.0,0.0,2021,7,2022.0,1.0,2023.0,30.0,2020.0,28.5390625
-1,97700,KELP,2018,22,0.0,0.0,0.0,0.0,2020,2,2022.0,22.0,0.0,0.0,2019.0,5.6796875
-1,97800,KELP,2018,27,0.0,0.0,0.0,0.0,2020,1,2022.0,27.0,0.0,0.0,2019.0,4.75390625
-1,97900,KELP,2018,25,0.0,0.0,0.0,0.0,2021,1,2022.0,25.0,0.0,0.0,2019.5,-0.7265625
-1,98000,KELP,2017,24,0.0,0.0,0.0,0.0,2021,24,0.0,0.0,0.0,0.0,2019.0,-23.125
-1,98100,KELP,2018,29,0.0,0.0,0.0,0.0,2021,29,0.0,0.0,0.0,0.0,2019.5,-16.98046875
-1,98200,KELP,2018,26,0.0,0.0,0.0,0.0,2021,26,0.0,0.0,0.0,0.0,2019.5,-17.109375
-1,98300,KELP,2020,2,2018.0,31.0,0.0,0.0,2021,29,0.0,0.0,0.0,0.0,2020.5,-10.578125
-1,98400,KELP,2018,30,0.0,0.0,0.0,0.0,2020,7,2021.0,30.0,0.0,0.0,2019.0,-9.734375
-1,98500,KELP,2018,31,0.0,0.0,0.0,0.0,2021,31,0.0,0.0,0.0,0.0,2019.5,-6.7109375
-1,98600,KELP,2018,28,0.0,0.0,0.0,0.0,2022,28,0.0,0.0,0.0,0.0,2020.0,6.71484375
-1,98700,KELP,2019,29,0.0,0.0,0.0,0.0,2022,29,0.0,0.0,0.0,0.0,2020.5,16.57421875
-1,98800,KELP,2020,1,2018.0,24.0,0.0,0.0,2021,24,0.0,0.0,0.0,0.0,2020.5,-1.55078125
-1,98900,KELP,2018,26,0.0,0.0,0.0,0.0,2021,26,0.0,0.0,0.0,0.0,2019.5,-10.84765625
-1,99000,KELP,2018,25,0.0,0.0,0.0,0.0,2020,4,2021.0,26.0,0.0,0.0,2019.0,-9.48046875
-1,99100,KELP,2018,31,0.0,0.0,0.0,0.0,2021,25,0.0,0.0,0.0,0.0,2019.5,-7.7265625
-1,99200,KELP,2018,27,0.0,0.0,0.0,0.0,2021,22,0.0,0.0,0.0,0.0,2019.5,-4.94921875
-1,99300,KELP,2020,1,2018.0,27.0,0.0,0.0,2021,27,0.0,0.0,0.0,0.0,2020.5,-3.90625
-1,99400,KELP,2018,26,0.0,0.0,0.0,0.0,2022,26,0.0,0.0,0.0,0.0,2020.0,3.09765625
-1,99500,KELP,2018,24,0.0,0.0,0.0,0.0,2022,24,0.0,0.0,0.0,0.0,2020.0,9.13671875
-1,99600,KELP,2019,4,2018.0,28.0,0.0,0.0,2022,28,0.0,0.0,0.0,0.0,2020.5,6.51171875
-1,99700,KELP,2018,30,0.0,0.0,0.0,0.0,2022,30,0.0,0.0,0.0,0.0,2020.0,6.8828125
-1,99800,KELP,2018,28,0.0,0.0,0.0,0.0,2022,28,0.0,0.0,0.0,0.0,2020.0,5.1640625
-1,99900,KELP,2018,28,0.0,0.0,0.0,0.0,2021,29,0.0,0.0,0.0,0.0,2019.5,-7.77734375
-1,100000,KELP,2018,24,0.0,0.0,0.0,0.0,2020,5,2021.0,24.0,0.0,0.0,2019.0,-13.01953125
-1,100100,KELP,2018,29,0.0,0.0,0.0,0.0,2021,29,0.0,0.0,0.0,0.0,2019.5,-9.46875
-1,100200,KELP,2018,23,0.0,0.0,0.0,0.0,2020,1,2021.0,23.0,0.0,0.0,2019.0,-3.84375
-1,100300,KELP,2018,31,0.0,0.0,0.0,0.0,2021,31,0.0,0.0,0.0,0.0,2019.5,-5.90234375
-1,100400,KELP,2018,30,0.0,0.0,0.0,0.0,2021,30,0.0,0.0,0.0,0.0,2019.5,-13.1796875
-1,100500,KELP,2018,22,0.0,0.0,0.0,0.0,2021,22,0.0,0.0,0.0,0.0,2019.5,-15.953125
-1,100600,KELP,2018,29,0.0,0.0,0.0,0.0,2020,1,2021.0,29.0,0.0,0.0,2019.0,-11.078125
-1,100700,KELP,2018,31,0.0,0.0,0.0,0.0,2021,31,0.0,0.0,0.0,0.0,2019.5,-6.3515625
-1,100800,KELP,2018,35,0.0,0.0,0.0,0.0,2021,28,0.0,0.0,0.0,0.0,2019.5,-8.99609375
-1,100900,KELP,2018,19,0.0,0.0,0.0,0.0,2021,27,0.0,0.0,0.0,0.0,2019.5,-8.01171875
-1,101000,KELP,2018,31,0.0,0.0,0.0,0.0,2021,30,0.0,0.0,0.0,0.0,2019.5,-10.515625
-1,101100,KELP,2019,5,2018.0,21.0,0.0,0.0,2022,22,0.0,0.0,0.0,0.0,2020.5,9.96484375
-1,101200,KELP,2019,25,0.0,0.0,0.0,0.0,2022,26,0.0,0.0,0.0,0.0,2020.5,16.62109375
-1,101300,KELP,2019,27,0.0,0.0,0.0,0.0,2022,27,0.0,0.0,0.0,0.0,2020.5,23.53125
-1,101400,KELP,2019,22,0.0,0.0,0.0,0.0,2021,5,2022.0,22.0,0.0,0.0,2020.0,15.1875
-1,101500,KELP,2020,5,2018.0,22.0,0.0,0.0,2022,22,0.0,0.0,0.0,0.0,2021.0,7.92578125
-1,101600,KELP,2019,21,0.0,0.0,0.0,0.0,2022,27,0.0,0.0,0.0,0.0,2020.5,12.859375
-1,101700,KELP,2018,27,0.0,0.0,0.0,0.0,2022,27,0.0,0.0,0.0,0.0,2020.0,-0.71875
-1,101800,KELP,2018,26,0.0,0.0,0.0,0.0,2021,2,2022.0,24.0,0.0,0.0,2019.5,-0.703125
-1,101900,KELP,2018,23,0.0,0.0,0.0,0.0,2020,6,2022.0,23.0,0.0,0.0,2019.0,6.7578125
-1,102000,KELP,2018,30,0.0,0.0,0.0,0.0,2022,30,0.0,0.0,0.0,0.0,2020.0,8.1328125
-1,102100,KELP,2019,24,0.0,0.0,0.0,0.0,2022,24,0.0,0.0,0.0,0.0,2020.5,12.59375
-1,102200,KELP,2019,30,0.0,0.0,0.0,0.0,2021,7,2022.0,30.0,0.0,0.0,2020.0,15.89453125
-1,102300,KELP,2020,4,2019.0,1.0,2018.0,24.0,2022,25,0.0,0.0,0.0,0.0,2021.0,10.08203125
-1,102400,KELP,2019,23,0.0,0.0,0.0,0.0,2022,23,0.0,0.0,0.0,0.0,2020.5,11.6484375
-1,102500,KELP,2019,29,0.0,0.0,0.0,0.0,2022,29,0.0,0.0,0.0,0.0,2020.5,14.12890625
-1,102600,KELP,2018,25,0.0,0.0,0.0,0.0,2021,25,0.0,0.0,0.0,0.0,2019.5,-4.1875
-1,102700,KELP,2018,21,0.0,0.0,0.0,0.0,2022,21,0.0,0.0,0.0,0.0,2020.0,0.61328125
-1,102800,KELP,2018,28,0.0,0.0,0.0,0.0,2022,28,0.0,0.0,0.0,0.0,2020.0,3.4296875
-1,102900,KELP,2020,4,2019.0,4.0,2018.0,28.0,2021,1,2022.0,27.0,0.0,0.0,2020.5,0.22265625
-1,103000,KELP,2018,31,0.0,0.0,0.0,0.0,2020,4,2021.0,1.0,2022.0,30.0,2019.0,0.40625
-1,103100,KELP,2020,1,2018.0,27.0,0.0,0.0,2022,27,0.0,0.0,0.0,0.0,2021.0,2.171875
-1,103200,KELP,2019,6,2018.0,27.0,0.0,0.0,2022,27,0.0,0.0,0.0,0.0,2020.5,1.55859375
-1,103300,KELP,2019,34,0.0,0.0,0.0,0.0,2022,26,0.0,0.0,0.0,0.0,2020.5,11.59765625
-1,103400,KELP,2018,32,0.0,0.0,0.0,0.0,2019,1,2020.0,5.0,2022.0,32.0,2018.5,7.09765625
-1,103500,KELP,2019,8,2018.0,28.0,0.0,0.0,2020,9,2022.0,28.0,0.0,0.0,2019.5,8.70703125
-1,103600,KELP,2018,27,0.0,0.0,0.0,0.0,2022,27,0.0,0.0,0.0,0.0,2020.0,8.77734375
-1,103700,KELP,2019,1,2018.0,24.0,0.0,0.0,2022,25,0.0,0.0,0.0,0.0,2020.5,11.7421875
-1,103800,KELP,2018,26,0.0,0.0,0.0,0.0,2020,7,2022.0,26.0,0.0,0.0,2019.0,10.84375
-1,103900,KELP,2019,2,2018.0,22.0,0.0,0.0,2022,24,0.0,0.0,0.0,0.0,2020.5,10.22265625
-1,104000,KELP,2020,1,2018.0,27.0,0.0,0.0,2022,27,0.0,0.0,0.0,0.0,2021.0,5.61328125
-1,104100,KELP,2019,28,0.0,0.0,0.0,0.0,2022,28,0.0,0.0,0.0,0.0,2020.5,21.3046875
-1,104200,KELP,2019,23,0.0,0.0,0.0,0.0,2021,7,2022.0,24.0,0.0,0.0,2020.0,14.0859375
-1,104300,KELP,2019,21,0.0,0.0,0.0,0.0,2022,22,0.0,0.0,0.0,0.0,2020.5,24.60546875
-1,104400,KELP,2019,29,0.0,0.0,0.0,0.0,2022,29,0.0,0.0,0.0,0.0,2020.5,20.328125
-1,104500,KELP,2019,26,0.0,0.0,0.0,0.0,2022,26,0.0,0.0,0.0,0.0,2020.5,16.83984375
-1,104600,KELP,2019,28,0.0,0.0,0.0,0.0,2022,27,0.0,0.0,0.0,0.0,2020.5,21.37890625
-1,104700,KELP,2019,32,0.0,0.0,0.0,0.0,2022,31,0.0,0.0,0.0,0.0,2020.5,19.62890625
-1,104800,KELP,2019,34,0.0,0.0,0.0,0.0,2022,28,0.0,0.0,0.0,0.0,2020.5,18.23828125
-1,104900,KELP,2019,26,0.0,0.0,0.0,0.0,2021,4,2022.0,26.0,0.0,0.0,2020.0,20.01953125
-1,105000,KELP,2018,21,0.0,0.0,0.0,0.0,2022,21,0.0,0.0,0.0,0.0,2020.0,9.0625
-1,105100,KELP,2019,8,2018.0,32.0,0.0,0.0,2022,32,0.0,0.0,0.0,0.0,2020.5,8.51171875
-1,105200,KELP,2020,7,2018.0,26.0,0.0,0.0,2022,26,0.0,0.0,0.0,0.0,2021.0,3.38671875
-1,105300,KELP,2020,1,2018.0,27.0,0.0,0.0,2021,27,0.0,0.0,0.0,0.0,2020.5,-3.4296875
-1,105400,KELP,2018,30,0.0,0.0,0.0,0.0,2021,24,0.0,0.0,0.0,0.0,2019.5,-5.234375
-1,105500,KELP,2018,28,0.0,0.0,0.0,0.0,2020,2,2021.0,28.0,0.0,0.0,2019.0,-7.74609375
-1,105600,KELP,2020,1,2018.0,30.0,0.0,0.0,2021,30,0.0,0.0,0.0,0.0,2020.5,-6.48828125
-1,105700,KELP,2020,1,2018.0,1.0,2017.0,28.0,2021,29,0.0,0.0,0.0,0.0,2020.5,-19.36328125
-1,105800,KELP,2020,7,2018.0,28.0,0.0,0.0,2021,28,0.0,0.0,0.0,0.0,2020.5,-11.49609375
-1,105900,KELP,2018,24,0.0,0.0,0.0,0.0,2021,24,0.0,0.0,0.0,0.0,2019.5,-4.66015625
-1,106000,KELP,2018,18,0.0,0.0,0.0,0.0,2021,22,0.0,0.0,0.0,0.0,2019.5,-6.44921875
-1,106100,KELP,2018,24,0.0,0.0,0.0,0.0,2020,7,2021.0,24.0,0.0,0.0,2019.0,-7.70703125
-1,106200,KELP,2018,23,0.0,0.0,0.0,0.0,2021,23,0.0,0.0,0.0,0.0,2019.5,-10.96484375
-1,106300,KELP,2018,32,0.0,0.0,0.0,0.0,2019,4,2021.0,28.0,0.0,0.0,2018.5,-5.83203125
-1,106400,KELP,2018,23,0.0,0.0,0.0,0.0,2019,6,2020.0,8.0,2022.0,23.0,2018.5,2.71875
-1,106500,KELP,2018,20,0.0,0.0,0.0,0.0,2020,4,2022.0,20.0,0.0,0.0,2019.0,7.34765625
-1,106600,KELP,2018,30,0.0,0.0,0.0,0.0,2020,6,2022.0,30.0,0.0,0.0,2019.0,6.98828125
-1,106700,KELP,2018,30,0.0,0.0,0.0,0.0,2022,30,0.0,0.0,0.0,0.0,2020.0,6.87109375
-1,106800,KELP,2019,3,2018.0,30.0,0.0,0.0,2022,31,0.0,0.0,0.0,0.0,2020.5,9.3828125
-1,106900,KELP,2018,29,0.0,0.0,0.0,0.0,2022,29,0.0,0.0,0.0,0.0,2020.0,0.77734375
-1,107000,KELP,2018,26,0.0,0.0,0.0,0.0,2019,2,2022.0,26.0,0.0,0.0,2018.5,3.48046875
-1,107100,KELP,2018,22,0.0,0.0,0.0,0.0,2022,22,0.0,0.0,0.0,0.0,2020.0,1.7265625
-1,107200,KELP,2018,25,0.0,0.0,0.0,0.0,2020,2,2022.0,25.0,0.0,0.0,2019.0,5.08203125
-1,107300,KELP,2018,25,0.0,0.0,0.0,0.0,2021,25,0.0,0.0,0.0,0.0,2019.5,-4.3671875
-1,107400,KELP,2019,6,2018.0,25.0,0.0,0.0,2022,25,0.0,0.0,0.0,0.0,2020.5,1.34375
-1,107500,KELP,2018,25,0.0,0.0,0.0,0.0,2022,25,0.0,0.0,0.0,0.0,2020.0,-0.23828125
-1,107600,KELP,2018,31,0.0,0.0,0.0,0.0,2020,4,2021.0,31.0,0.0,0.0,2019.0,-1.2421875
-1,107700,KELP,2018,24,0.0,0.0,0.0,0.0,2021,24,0.0,0.0,0.0,0.0,2019.5,-16.92578125
-1,107800,KELP,2018,22,0.0,0.0,0.0,0.0,2021,22,0.0,0.0,0.0,0.0,2019.5,-15.67578125
-1,107900,KELP,2018,1,2017.0,28.0,0.0,0.0,2021,29,0.0,0.0,0.0,0.0,2019.5,-18.25
-1,108000,KELP,2018,1,2017.0,26.0,0.0,0.0,2021,27,0.0,0.0,0.0,0.0,2019.5,-17.86328125
-1,108100,KELP,2018,25,0.0,0.0,0.0,0.0,2021,25,0.0,0.0,0.0,0.0,2019.5,-17.0
-1,108200,KELP,2017,31,0.0,0.0,0.0,0.0,2019,1,2021.0,31.0,0.0,0.0,2018.0,-22.93359375
-1,108300,KELP,2017,21,0.0,0.0,0.0,0.0,2021,21,0.0,0.0,0.0,0.0,2019.0,-27.3984375
-1,108400,KELP,2019,1,2017.0,26.0,0.0,0.0,2020,26,0.0,0.0,0.0,0.0,2019.5,-42.90234375
-1,108500,KELP,2017,24,0.0,0.0,0.0,0.0,2020,25,0.0,0.0,0.0,0.0,2018.5,-42.3984375
-1,108600,KELP,2017,27,0.0,0.0,0.0,0.0,2020,27,0.0,0.0,0.0,0.0,2018.5,-32.640625
-1,108700,KELP,2017,23,0.0,0.0,0.0,0.0,2020,23,0.0,0.0,0.0,0.0,2018.5,-32.92578125
-1,108800,KELP,2017,20,0.0,0.0,0.0,0.0,2020,20,0.0,0.0,0.0,0.0,2018.5,-36.3515625
-1,108900,KELP,2017,31,0.0,0.0,0.0,0.0,2021,31,0.0,0.0,0.0,0.0,2019.0,-26.45703125
-1,109000,KELP,2018,4,2017.0,20.0,0.0,0.0,2021,20,0.0,0.0,0.0,0.0,2019.5,-28.203125
-1,109100,KELP,2017,27,0.0,0.0,0.0,0.0,2019,5,2021.0,28.0,0.0,0.0,2018.0,-25.75
-1,109200,KELP,2017,27,0.0,0.0,0.0,0.0,2021,27,0.0,0.0,0.0,0.0,2019.0,-25.88671875
-1,109300,KELP,2017,22,0.0,0.0,0.0,0.0,2020,21,0.0,0.0,0.0,0.0,2018.5,-30.6484375
-1,109400,KELP,2017,21,0.0,0.0,0.0,0.0,2021,21,0.0,0.0,0.0,0.0,2019.0,-24.58984375
-1,109500,KELP,2018,33,0.0,0.0,0.0,0.0,2021,30,0.0,0.0,0.0,0.0,2019.5,-10.265625
-1,109600,KELP,2018,29,0.0,0.0,0.0,0.0,2021,29,0.0,0.0,0.0,0.0,2019.5,-2.3046875
-1,109700,KELP,2018,26,0.0,0.0,0.0,0.0,2021,27,0.0,0.0,0.0,0.0,2019.5,-4.546875
-1,109800,KELP,2018,24,0.0,0.0,0.0,0.0,2021,24,0.0,0.0,0.0,0.0,2019.5,-2.94140625
-1,109900,KELP,2018,27,0.0,0.0,0.0,0.0,2021,27,0.0,0.0,0.0,0.0,2019.5,-0.69921875
-1,110000,KELP,2018,22,0.0,0.0,0.0,0.0,2021,22,0.0,0.0,0.0,0.0,2019.5,-1.16796875
-1,110100,KELP,2018,23,0.0,0.0,0.0,0.0,2021,24,0.0,0.0,0.0,0.0,2019.5,-3.0703125
-1,110200,KELP,2018,20,0.0,0.0,0.0,0.0,2020,3,2021.0,20.0,0.0,0.0,2019.0,-9.21875
-1,110300,KELP,2018,22,0.0,0.0,0.0,0.0,2021,22,0.0,0.0,0.0,0.0,2019.5,-5.16796875
-1,110400,KELP,2018,23,0.0,0.0,0.0,0.0,2021,30,0.0,0.0,0.0,0.0,2019.5,-2.58203125
-1,110500,KELP,2018,21,0.0,0.0,0.0,0.0,2022,21,0.0,0.0,0.0,0.0,2020.0,1.54296875
-1,110600,KELP,2020,1,2018.0,28.0,0.0,0.0,2022,28,0.0,0.0,0.0,0.0,2021.0,0.046875
-1,110700,KELP,2020,3,2018.0,26.0,0.0,0.0,2021,2,2022.0,24.0,0.0,0.0,2020.5,-0.1640625
-1,110800,KELP,2018,30,0.0,0.0,0.0,0.0,2022,30,0.0,0.0,0.0,0.0,2020.0,5.9453125
-1,110900,KELP,2018,24,0.0,0.0,0.0,0.0,2022,24,0.0,0.0,0.0,0.0,2020.0,10.75
-1,111000,KELP,2021,1,2019.0,24.0,0.0,0.0,2022,24,0.0,0.0,0.0,0.0,2021.5,17.87109375
-1,111100,KELP,2019,27,0.0,0.0,0.0,0.0,2022,27,0.0,0.0,0.0,0.0,2020.5,17.58984375
-1,111200,KELP,2019,22,0.0,0.0,0.0,0.0,2021,1,2022.0,22.0,0.0,0.0,2020.0,15.13671875
-1,111300,KELP,2019,31,0.0,0.0,0.0,0.0,2022,30,0.0,0.0,0.0,0.0,2020.5,19.49609375
-1,111400,KELP,2019,24,0.0,0.0,0.0,0.0,2022,24,0.0,0.0,0.0,0.0,2020.5,17.6640625
-1,111500,KELP,2021,1,2019.0,28.0,0.0,0.0,2022,22,0.0,0.0,0.0,0.0,2021.5,17.11328125
-1,111600,KELP,2019,39,0.0,0.0,0.0,0.0,2022,32,0.0,0.0,0.0,0.0,2020.5,15.58984375
-1,111700,KELP,2019,24,0.0,0.0,0.0,0.0,2022,22,0.0,0.0,0.0,0.0,2020.5,19.22265625
-1,111800,KELP,2019,28,0.0,0.0,0.0,0.0,2022,22,0.0,0.0,0.0,0.0,2020.5,20.24609375
-1,111900,KELP,2019,22,0.0,0.0,0.0,0.0,2022,22,0.0,0.0,0.0,0.0,2020.5,14.4296875
-1,112000,KELP,2018,26,0.0,0.0,0.0,0.0,2020,4,2021.0,26.0,0.0,0.0,2019.0,-3.890625
-1,112100,KELP,2018,22,0.0,0.0,0.0,0.0,2022,22,0.0,0.0,0.0,0.0,2020.0,4.8984375
-1,112200,KELP,2020,1,2018.0,28.0,0.0,0.0,2022,28,0.0,0.0,0.0,0.0,2021.0,3.0390625
-1,112300,KELP,2018,31,0.0,0.0,0.0,0.0,2021,26,0.0,0.0,0.0,0.0,2019.5,-1.890625
-1,112400,KELP,2018,29,0.0,0.0,0.0,0.0,2021,29,0.0,0.0,0.0,0.0,2019.5,-2.3046875
-1,112500,KELP,2018,23,0.0,0.0,0.0,0.0,2021,23,0.0,0.0,0.0,0.0,2019.5,-1.40234375
-1,112600,KELP,2018,30,0.0,0.0,0.0,0.0,2021,30,0.0,0.0,0.0,0.0,2019.5,-2.10546875
-1,112700,KELP,2018,29,0.0,0.0,0.0,0.0,2021,29,0.0,0.0,0.0,0.0,2019.5,-8.73828125
-1,112800,KELP,2018,29,0.0,0.0,0.0,0.0,2021,22,0.0,0.0,0.0,0.0,2019.5,-8.80078125
-1,112900,KELP,2018,22,0.0,0.0,0.0,0.0,2021,22,0.0,0.0,0.0,0.0,2019.5,-9.3828125
-1,113000,KELP,2018,27,0.0,0.0,0.0,0.0,2020,4,2021.0,27.0,0.0,0.0,2019.0,-10.90234375
-1,113100,KELP,2018,21,0.0,0.0,0.0,0.0,2021,21,0.0,0.0,0.0,0.0,2019.5,-2.74609375
-1,113200,KELP,2018,38,0.0,0.0,0.0,0.0,2021,31,0.0,0.0,0.0,0.0,2019.5,-14.74609375
-1,113300,KELP,2018,17,0.0,0.0,0.0,0.0,2021,22,0.0,0.0,0.0,0.0,2019.5,-12.7265625
-1,113400,KELP,2018,21,0.0,0.0,0.0,0.0,2021,21,0.0,0.0,0.0,0.0,2019.5,-13.5390625
-1,113500,KELP,2018,21,0.0,0.0,0.0,0.0,2021,21,0.0,0.0,0.0,0.0,2019.5,-12.01171875
-1,113600,KELP,2018,25,0.0,0.0,0.0,0.0,2021,25,0.0,0.0,0.0,0.0,2019.5,-15.76171875
-1,113700,KELP,2018,6,2017.0,21.0,0.0,0.0,2021,21,0.0,0.0,0.0,0.0,2019.5,-21.59375
-1,113800,KELP,2017,24,0.0,0.0,0.0,0.0,2021,24,0.0,0.0,0.0,0.0,2019.0,-22.15234375
-1,113900,KELP,2017,29,0.0,0.0,0.0,0.0,2021,29,0.0,0.0,0.0,0.0,2019.0,-21.515625
-1,114000,KELP,2017,30,0.0,0.0,0.0,0.0,2020,2,2021.0,28.0,0.0,0.0,2018.5,-29.796875
-1,114100,KELP,2020,1,2018.0,3.0,2017.0,32.0,2021,32,0.0,0.0,0.0,0.0,2020.5,-22.78125
-1,114200,KELP,2017,25,0.0,0.0,0.0,0.0,2021,25,0.0,0.0,0.0,0.0,2019.0,-19.80078125
-1,114300,KELP,2018,30,0.0,0.0,0.0,0.0,2021,29,0.0,0.0,0.0,0.0,2019.5,-8.5703125
-1,114400,KELP,2018,28,0.0,0.0,0.0,0.0,2021,28,0.0,0.0,0.0,0.0,2019.5,-2.796875
-1,114500,KELP,2018,31,0.0,0.0,0.0,0.0,2021,30,0.0,0.0,0.0,0.0,2019.5,-7.515625
-1,114600,KELP,2018,26,0.0,0.0,0.0,0.0,2021,26,0.0,0.0,0.0,0.0,2019.5,-7.21484375
-1,114700,KELP,2018,34,0.0,0.0,0.0,0.0,2021,28,0.0,0.0,0.0,0.0,2019.5,-3.9140625
-1,114800,KELP,2018,26,0.0,0.0,0.0,0.0,2021,26,0.0,0.0,0.0,0.0,2019.5,-1.59765625
-1,114900,KELP,2018,21,0.0,0.0,0.0,0.0,2021,21,0.0,0.0,0.0,0.0,2019.5,-2.6796875
-1,115000,KELP,2018,32,0.0,0.0,0.0,0.0,2021,26,0.0,0.0,0.0,0.0,2019.5,-0.77734375
-1,115100,KELP,2020,1,2019.0,8.0,2018.0,25.0,2022,25,0.0,0.0,0.0,0.0,2021.0,3.08984375
-1,115200,KELP,2018,21,0.0,0.0,0.0,0.0,2022,21,0.0,0.0,0.0,0.0,2020.0,1.4375
-1,115300,KELP,2019,5,2018.0,28.0,0.0,0.0,2022,28,0.0,0.0,0.0,0.0,2020.5,0.5546875
-1,115400,KELP,2018,24,0.0,0.0,0.0,0.0,2022,24,0.0,0.0,0.0,0.0,2020.0,2.94140625
-1,115500,KELP,2018,26,0.0,0.0,0.0,0.0,2022,26,0.0,0.0,0.0,0.0,2020.0,4.42578125
-1,115600,KELP,2018,33,0.0,0.0,0.0,0.0,2021,29,0.0,0.0,0.0,0.0,2019.5,-0.65625
-1,115700,KELP,2020,1,2018.0,25.0,0.0,0.0,2021,25,0.0,0.0,0.0,0.0,2020.5,-1.5625
-1,115800,KELP,2018,26,0.0,0.0,0.0,0.0,2021,24,0.0,0.0,0.0,0.0,2019.5,-0.32421875
-1,115900,KELP,2018,30,0.0,0.0,0.0,0.0,2021,30,0.0,0.0,0.0,0.0,2019.5,-0.91015625
-1,116000,KELP,2018,24,0.0,0.0,0.0,0.0,2021,25,0.0,0.0,0.0,0.0,2019.5,-2.453125
-1,116100,KELP,2018,24,0.0,0.0,0.0,0.0,2021,24,0.0,0.0,0.0,0.0,2019.5,-11.25
-1,116200,KELP,2018,27,0.0,0.0,0.0,0.0,2020,3,2021.0,27.0,0.0,0.0,2019.0,-2.86328125
-1,116300,KELP,2017,29,0.0,0.0,0.0,0.0,2021,29,0.0,0.0,0.0,0.0,2019.0,-21.16796875
-1,116400,KELP,2017,24,0.0,0.0,0.0,0.0,2020,24,0.0,0.0,0.0,0.0,2018.5,-38.765625
-1,116500,KELP,2018,5,2017.0,29.0,0.0,0.0,2021,29,0.0,0.0,0.0,0.0,2019.5,-25.19140625
-1,116600,KELP,2017,23,0.0,0.0,0.0,0.0,2021,23,0.0,0.0,0.0,0.0,2019.0,-25.77734375
-1,116700,KELP,2017,26,0.0,0.0,0.0,0.0,2021,26,0.0,0.0,0.0,0.0,2019.0,-23.1171875
-1,116800,KELP,2018,6,2017.0,30.0,0.0,0.0,2021,30,0.0,0.0,0.0,0.0,2019.5,-26.70703125
-1,116900,KELP,2017,27,0.0,0.0,0.0,0.0,2019,2,2020.0,1.0,2021.0,26.0,2018.0,-26.984375
-1,117000,KELP,2017,31,0.0,0.0,0.0,0.0,2020,1,2021.0,30.0,0.0,0.0,2018.5,-26.33203125
-1,117100,KELP,2017,26,0.0,0.0,0.0,0.0,2021,26,0.0,0.0,0.0,0.0,2019.0,-24.4609375
-1,117200,KELP,2017,22,0.0,0.0,0.0,0.0,2021,22,0.0,0.0,0.0,0.0,2019.0,-22.62890625
-1,117300,KELP,2017,22,0.0,0.0,0.0,0.0,2019,2,2021.0,22.0,0.0,0.0,2018.0,-24.4921875
-1,117400,KELP,2017,27,0.0,0.0,0.0,0.0,2021,27,0.0,0.0,0.0,0.0,2019.0,-19.03515625
-1,117500,KELP,2018,24,0.0,0.0,0.0,0.0,2020,1,2021.0,26.0,0.0,0.0,2019.0,-16.03125
-1,117600,KELP,2018,31,0.0,0.0,0.0,0.0,2021,31,0.0,0.0,0.0,0.0,2019.5,-14.95703125
-1,117700,KELP,2018,1,2017.0,29.0,0.0,0.0,2021,30,0.0,0.0,0.0,0.0,2019.5,-19.671875
-1,117800,KELP,2018,3,2017.0,31.0,0.0,0.0,2021,31,0.0,0.0,0.0,0.0,2019.5,-25.890625
-1,117900,KELP,2017,30,0.0,0.0,0.0,0.0,2018,4,2020.0,24.0,0.0,0.0,2017.5,-29.4296875
-1,118000,KELP,2017,28,0.0,0.0,0.0,0.0,2019,5,2020.0,1.0,2021.0,27.0,2018.0,-24.3984375
-1,118100,KELP,2017,25,0.0,0.0,0.0,0.0,2021,25,0.0,0.0,0.0,0.0,2019.0,-16.8203125
-1,118200,KELP,2017,20,0.0,0.0,0.0,0.0,2021,21,0.0,0.0,0.0,0.0,2019.0,-21.4765625
-1,118300,KELP,2017,26,0.0,0.0,0.0,0.0,2021,27,0.0,0.0,0.0,0.0,2019.0,-14.6640625
-1,118400,KELP,2018,30,0.0,0.0,0.0,0.0,2021,30,0.0,0.0,0.0,0.0,2019.5,-10.2109375
-1,118500,KELP,2017,26,0.0,0.0,0.0,0.0,2018,1,2021.0,26.0,0.0,0.0,2017.5,-16.6328125
-1,118600,KELP,2018,7,2017.0,31.0,0.0,0.0,2020,2,2021.0,29.0,0.0,0.0,2019.0,-23.546875
-1,118700,KELP,2017,17,0.0,0.0,0.0,0.0,2020,27,0.0,0.0,0.0,0.0,2018.5,-38.46875
-1,118800,KELP,2017,31,0.0,0.0,0.0,0.0,2020,31,0.0,0.0,0.0,0.0,2018.5,-31.6015625
-1,118900,KELP,2017,30,0.0,0.0,0.0,0.0,2020,25,0.0,0.0,0.0,0.0,2018.5,-30.9140625
-1,119000,KELP,2017,21,0.0,0.0,0.0,0.0,2020,21,0.0,0.0,0.0,0.0,2018.5,-25.46875
-1,119100,KELP,2019,2,2017.0,26.0,0.0,0.0,2020,26,0.0,0.0,0.0,0.0,2019.5,-28.203125
-1,119200,KELP,2017,26,0.0,0.0,0.0,0.0,2020,26,0.0,0.0,0.0,0.0,2018.5,-29.6953125
-1,119300,KELP,2017,25,0.0,0.0,0.0,0.0,2020,25,0.0,0.0,0.0,0.0,2018.5,-35.5078125
-1,119400,KELP,2017,31,0.0,0.0,0.0,0.0,2020,24,0.0,0.0,0.0,0.0,2018.5,-33.3203125
-1,119500,KELP,2017,26,0.0,0.0,0.0,0.0,2020,26,0.0,0.0,0.0,0.0,2018.5,-32.25
-1,119600,KELP,2017,28,0.0,0.0,0.0,0.0,2020,29,0.0,0.0,0.0,0.0,2018.5,-38.546875
-1,119700,KELP,2017,34,0.0,0.0,0.0,0.0,2020,26,0.0,0.0,0.0,0.0,2018.5,-36.4609375
-1,119800,KELP,2018,4,2017.0,26.0,0.0,0.0,2019,7,2020.0,26.0,0.0,0.0,2018.5,-38.5625
-1,119900,KELP,2017,1,2016.0,26.0,0.0,0.0,2019,6,2020.0,28.0,0.0,0.0,2018.0,-45.1015625
-1,120000,KELP,2015,25,0.0,0.0,0.0,0.0,2019,25,0.0,0.0,0.0,0.0,2017.0,-87.3046875
-1,120100,KELP,2015,22,0.0,0.0,0.0,0.0,2019,22,0.0,0.0,0.0,0.0,2017.0,-92.25
-1,120200,KELP,2014,24,0.0,0.0,0.0,0.0,2018,24,0.0,0.0,0.0,0.0,2016.0,-119.8203125
-1,120300,KELP,2015,6,2014.0,31.0,0.0,0.0,2018,31,0.0,0.0,0.0,0.0,2016.5,-118.578125
-1,120400,KELP,2015,6,2014.0,25.0,0.0,0.0,2018,25,0.0,0.0,0.0,0.0,2016.5,-122.9375
-1,120500,KELP,2014,23,0.0,0.0,0.0,0.0,2015,3,2018.0,23.0,0.0,0.0,2014.5,-122.734375
-1,120600,KELP,2015,4,2014.0,22.0,0.0,0.0,2018,22,0.0,0.0,0.0,0.0,2016.5,-119.1484375
-1,120700,KELP,2014,28,0.0,0.0,0.0,0.0,2018,28,0.0,0.0,0.0,0.0,2016.0,-112.21875
-1,120800,KELP,2014,23,0.0,0.0,0.0,0.0,2018,23,0.0,0.0,0.0,0.0,2016.0,-118.34375
-1,120900,KELP,2014,23,0.0,0.0,0.0,0.0,2016,4,2017.0,23.0,0.0,0.0,2015.0,-126.09375
-1,121000,KELP,2013,24,0.0,0.0,0.0,0.0,2017,24,0.0,0.0,0.0,0.0,2015.0,-155.9140625
-1,121100,KELP,2013,26,0.0,0.0,0.0,0.0,2016,27,0.0,0.0,0.0,0.0,2014.5,-163.7890625
-1,121200,KELP,2013,29,0.0,0.0,0.0,0.0,2016,28,0.0,0.0,0.0,0.0,2014.5,-183.2734375
-1,121300,KELP,2013,30,0.0,0.0,0.0,0.0,2016,22,0.0,0.0,0.0,0.0,2014.5,-170.9296875
-1,121400,KELP,2013,27,0.0,0.0,0.0,0.0,2015,4,2016.0,27.0,0.0,0.0,2014.0,-181.2265625
-1,121500,KELP,2013,29,0.0,0.0,0.0,0.0,2015,4,2016.0,29.0,0.0,0.0,2014.0,-178.8828125
-1,121600,KELP,2013,22,0.0,0.0,0.0,0.0,2015,2,2016.0,22.0,0.0,0.0,2014.0,-172.1953125
-1,121700,KELP,2013,32,0.0,0.0,0.0,0.0,2016,27,0.0,0.0,0.0,0.0,2014.5,-180.3828125
